2618 4560
571 242 747 304 ..85-

114 434 256 500 quaque
281 422 312 479 et
334 418 582 502 propositionem
604 424 635 481 et
659 421 910 503 assumptionem
935 420 1096 484 interdum
1123 422 1191 486 sine

113 525 353 608 approbatione
376 527 509 610 proferri
533 546 625 610 posse
649 529 789 610 agnovit,
827 535 897 591 tum
935 547 977 591 ex
1004 529 1054 592 his
1085 529 1191 594 verbis

115 636 326 717 perspicitur,
357 656 438 719 quae
468 636 664 700 exhibentur
693 638 732 701 de
756 638 822 702 inv.
845 639 871 719 1,
907 639 957 718 37,
993 636 1048 700 67:
1083 637 1190 719 „Quae

116 743 285 825 plurimas
320 743 416 807 habet
439 748 673 828 argumentatio
697 752 813 830 partes,
848 767 884 810 ea
921 751 1044 809 constat
1072 765 1113 810 err
1141 748 1190 811 bis

118 853 270 936 quinque
294 852 453 937 partibus,
491 855 632 918 secunda
656 860 705 919 est
729 856 975 938 quadripertita3
1010 857 1103 919 tertia
1134 858 1190 920 tri·
1291 896 1293 901 ι

120 963 250 1045 pertita3
275 964 350 1027 dein
374 962 539 1046 bipertita3
566 964 651 1046 quod
676 965 709 1026 in
735 966 950 1028 controversia
974 970 1030 1031 est.
1059 967 1107 1030 De
1124 987 1189 1030 una

127 1088 253 1153 quoque
277 1051 373 1155 parte¹
390 1077 492 1155 potest
515 1073 612 1136 alicui
637 1074 739 1137 videri
762 1094 856 1157 posse
881 1074 1083 1139 consistere.“

231 1179 467 1265 Quadripertita
489 1182 525 1244 fit
548 1184 756 1264 ratiocinatio,
781 1184 809 1246 si
832 1182 1018 1266 approbatio
1042 1190 1098 1247 aut
1121 1205 1189 1268 pro·

132 1290 289 1370 positionis
308 1297 364 1354 aut
380 1293 610 1374 assumptionis
626 1297 755 1375 propter
773 1294 1035 1375 perspicuitatem
1050 1300 1189 1376 praeter-

139 1399 277 1482 mittitur;
310 1401 470 1483 tripertita
494 1406 601 1463 autem
616 1404 762 1492 exsistit,
794 1404 821 1466 si
845 1408 982 1486 utraque
1006 1402 1189 1485 approbatio

140 1523 363 1589 supervacanea
405 1516 459 1573 est.
524 1509 742 1595 Bipertitam¹)
783 1530 858 1575 vere
898 1511 1007 1575 Cicero
1046 1514 1188 1595 accipere

143 1616 236 1700 noluit,
261 1621 339 1702 quia
361 1619 570 1700 ratiocinatio,
589 1622 650 1682 nisi
674 1618 929 1702 concluderetur,
953 1619 1097 1683 adbiberi
1122 1639 1187 1683 non
1248 1614 1250 1618 '

144 1733 231 1804 posset
253 1730 457 1811 maximeque
481 1730 598 1792 oratori
621 1730 801 1793 cadendum
826 1735 917 1808 esset,
934 1749 984 1811 ne,
1000 1729 1087 1812 quod
1110 1731 1187 1793 satis

144 1839 366 1918 perspiceretur,
392 1839 424 1900 id
448 1840 481 1900 in
505 1839 763 1922 complexionem
786 1839 929 1903 inferret.
963 1838 1058 1914 Quod
1071 1840 1186 1902 vitium

145 1936 220 2008 iacile
241 1953 346 2011 orator
369 1948 533 2031 effugeret,
567 1950 594 2012 si
628 1967 746 2031 genera
770 1949 1031 2031 complexionum
1060 1949 1188 2032 cognita

144 2045 261 2119 baberet..
309 2056 441 2139 „Nam,“
464 2059 575 2141 inquit
599 2059 637 2121 de
660 2060 727 2123 inv.
753 2058 777 2140 I,
801 2059 852 2140 40,
868 2059 918 2139 73,
941 2060 1082 2151 „autpita
1106 2077 1188 2121 com·

144 2156 308 2250 plectemur,
344 2172 380 2230 ut
413 2169 447 2230 in
483 2188 586 2232 unum
621 2169 839 2231 conducamus
873 2169 1122 2250 propositionem
1156 2172 1188 2230 et

144 2277 373 2358 assumptionem
480 2282 535 2340 aut
568 2279 622 2355 ita,
656 2284 693 2339 ut
727 2296 769 2340 ex
803 2277 962 2340 contrario
999 2275 1188 2339 conficiatur

143 2385 281 2448 sententia
378 2392 433 2450 aut
455 2389 511 2469 ita,
533 2393 570 2450 ut
591 2387 625 2449 id
649 2388 764 2464 solum,
795 2386 881 2469 quod
904 2385 1083 2467 conficitur,
1105 2385 1156 2448 inf
1173 2423 1186 2434 -

145 2490 290 2562 ratur...
315 2501 380 2579 aut,
416 2503 454 2560 ut
476 2496 519 2577 id,
554 2496 640 2579 quod
676 2516 746 2560 eam
781 2516 858 2577 rem,
894 2515 976 2580 quae
1009 2495 1187 2577 conficitur,

102 2675 104 2679 ¹
144 2607 279 2680 sequatur
303 2625 434 2670 necesse
457 2607 534 2670 est.“

231 2713 310 2779 Item
349 2716 477 2778 illorum
519 2735 647 2799 quoque
685 2717 876 2780 sententiam
913 2715 1107 2797 improbavit
1149 2715 1187 2778 de

145 2808 194 2880 inv.
214 2821 238 2905 I,
259 2822 311 2905 40,
338 2826 388 2906 74,
424 2827 481 2907 qui
510 2844 551 2888 ex
576 2846 643 2888 una
666 2829 755 2908 parte
779 2825 1086 2906 argumentationem
1111 2842 1186 2886 con-

144 2924 211 2994 aare
224 2954 316 3017 posse
332 2940 496 3019 putarent3
521 2955 595 2997 nam
618 2935 929 3020 argumentationem
954 2936 984 2997 et
1000 2934 1186 3014 „inventum

145 3031 264 3121 aliquam
288 3046 323 3106 in
347 3064 415 3108 rem
443 3043 608 3127 probabile
638 3051 694 3108 aut
717 3040 966 3126 necessarium2)
991 3048 1022 3107 et
1045 3044 1116 3106 eius
1138 3045 1187 3105 in-

144 3152 213 3213 renti
239 3155 488 3238 expolitionem“
523 3153 705 3237 significare
735 3155 828 3237 dixit,
862 3154 934 3217 illos
969 3157 1086 3234 autem,
1113 3171 1186 3214 cum

147 3264 310 3347 exemplum
335 3269 504 3348 ponerent:
542 3266 713 3347 „queniam
749 3265 872 3346 peperit
906 3282 980 3325 oum
1015 3263 1083 3325 viro
1112 3281 1187 3325 con-

143 3366 264 3455 cubuitf‘
297 3376 466 3438 inventum
491 3374 594 3455 modo,
617 3393 683 3436 non
708 3373 936 3455 expolitionem
961 3372 1110 3454 proferre.

232 3483 313 3548 Cum
331 3484 440 3548 Cicero
455 3483 596 3547 inlibris
614 3483 653 3546 de
668 3482 891 3564 „inventione“
908 3483 995 3546 locos
1020 3501 1190 3565 argumen-

140 3587 262 3674 tationis,
285 3599 323 3656 ut
346 3614 388 3658 ex
410 3596 460 3676 iis,
484 3613 566 3677 quae
590 3593 794 3674 antecedunt,
810 3594 1031 3675 cognovimus,
1047 3593 1187 3673 primum

138 3700 271 3785 erebus,
305 3724 387 3790 quae
414 3705 569 3788 personis,
604 3703 719 3766 deinde
755 3721 772 3765 e
801 3701 907 3782 rebus,
943 3720 1025 3782 quae
1052 3700 1187 3783 negotiis

135 3811 293 3877 attributae
317 3819 402 3897 sunt,
430 3815 587 3893 educeret,
618 3813 650 3874 in
676 3810 908 3895 posterioribus
932 3810 1060 3898 scriptis
1084 3810 1188 3872 rheto-

132 3917 336 3930 ———-—

233 3955 259 4024 l)
278 3957 310 4010 de
328 3957 384 4010 inv.
402 3955 424 4019 I,
443 3959 485 4019 40,
506 3952 620 4010 72-74.

232 4046 257 4115 2)
278 4048 326 4101 cir.
347 4048 379 4100 dc
397 4047 452 4101 inv.
472 4046 494 4112 I,
514 4050 556 4111 29,
576 4049 611 4101 44
629 4060 704 4113 sequ.
