2618 4560
634 278 809 341 ..38-

196 473 260 538 que
283 454 318 517 in
342 454 492 537 „topicis“
516 473 627 517 rursus
651 455 771 518 intres
794 458 899 539 partes
923 453 1031 519 divisit
1053 457 1107 539 ita,
1130 462 1168 521 ut
1185 478 1262 523 con·

196 564 384 626 troversiam
416 564 526 645 scripti
550 568 581 626 et
604 563 790 643 voluntatis,
828 583 923 646 quam
946 566 980 626 in
1005 567 1170 645 „oratore“
1195 588 1263 633 am·

195 671 293 755 bigne
316 674 428 754 generi
451 672 674 752 subinnrerat,
697 672 829 734 tertium
845 691 948 756 genus
965 677 1263 743 controversiarum

194 800 236 845 ex
260 782 375 864 scripto
399 783 563 864 reciperet.

301 889 422 974 Restat,
457 896 494 954 nt
527 891 660 954 Antonii
694 891 901 968 sententiam,
936 911 1034 974 quem
1070 893 1186 958 habuit
1221 897 1261 961 de

194 998 340 1081 statibus
377 1000 585 1083 explicemus.
642 998 675 1062 Is
703 1000 799 1080 enim,
833 1005 869 1062 ut
896 1001 960 1063 iam
984 1020 1081 1085 supra
1105 1003 1262 1087 diximus,

198 1127 302 1191 genus
337 1109 440 1191 legale
472 1109 568 1171 statui
601 1108 766 1190 qualitatis
801 1107 946 1171 attribuit
969 1128 1072 1192 eaque
1096 1111 1136 1174 de
1160 1131 1261 1178 causa

194 1223 364 1302 praecepta
400 1217 469 1282 eius
493 1217 611 1299 optime
635 1218 762 1280 tractari
787 1217 1052 1300 existimavimus,
1086 1223 1261 1303 postquam

192 1345 247 1390 eos
282 1328 377 1409 locos,
411 1326 467 1390 ubi
493 1325 602 1389 Cicero
638 1329 813 1409 utrumque
847 1345 951 1409 genus
987 1331 1018 1390 et
1046 1328 1205 1395 rationale
1230 1337 1261 1396 et

169 1424 296 1520 'legale
328 1437 478 1517 servavit,
510 1435 605 1518 plane
640 1433 848 1499 absolvimus.
904 1433 966 1498 Sed
990 1435 1125 1500 Antonii
1149 1439 1260 1524 verba,

193 1565 276 1628 quae
307 1551 436 1610 exstant
471 1546 510 1608 de
541 1543 946 1625 or.11,24,1040t26,
981 1544 1108 1608 llo-1
1137 1548 1156 1608 3
1182 1556 1261 1614 sunt

190 1655 284 1719 haec:
331 1658 383 1738 24,
418 1656 489 1718 104.
546 1653 652 1736 ,Nihil
687 1658 736 1716 est
759 1654 854 1734 enim,
892 1653 979 1734 quod
1002 1654 1260 1722 inter‘homines

192 1764 383 1848 ambigatur,
419 1767 487 1828 sive
522 1785 563 1827 ex
591 1762 726 1824 crimine
750 1781 846 1825 cansa
870 1766 1003 1842 constat,
1034 1768 1072 1826 ut
1095 1762 1259 1851 facinoris,

189 1875 257 1936 sive
282 1893 323 1937 ex
347 1873 575 1950 controversia,
598 1875 635 1932 ut
658 1871 848 1951 hereditatis
872 1873 939 1935 sive
956 1891 997 1934 ex
1016 1871 1259 1958 deliberatione,

190 1986 226 2045 ut
254 1981 340 2063 belli,
375 1980 459 2067 [sive
488 1998 530 2042 ex
559 1997 705 2064 persona,
739 1985 775 2043 ut
803 1977 932 2065 laudisl,
955 1983 1024 2044 sive
1048 2000 1089 2044 ex
1113 1983 1261 2067 disputa·

191 2092 288 2168 tione,
312 2096 346 2154 ut
370 2091 409 2154 de
433 2092 557 2154 ratione
581 2089 726 2170 vivendi3
761 2090 795 2151 in
821 2110 885 2173 quo
910 2109 984 2168 non,
1008 2094 1063 2152 aut
1088 2093 1168 2173 quid
1194 2094 1258 2159 fao·

189 2205 257 2263 tum
291 2201 332 2264 sit
356 2206 412 2264 aut
433 2200 490 2263 fiat
517 2195 707 2262 futurumve
731 2200 782 2279 sit,
817 2203 991 2281 quaeretur
1014 2204 1072 2262 aut
1094 2203 1192 2285 quale
1217 2207 1259 2269 sit

188 2314 245 2372 aut
268 2311 345 2391 quid
369 2315 509 2375 vocetur.
559 2360 564 2372 .
592 2357 598 2370 .
628 2357 634 2372 .
661 2308 713 2389 26,
738 2307 810 2373 110.
858 2307 920 2371 Sed
944 2309 979 2370 in
1002 2326 1039 2371 eo
1062 2327 1195 2394 genere,
1223 2317 1256 2379 in

189 2438 267 2500 quo,
313 2421 408 2501 quale
454 2420 495 2482 sit
533 2417 626 2500 quid,
681 2408 870 2498 ambigitur,
915 2417 1042 2480 exsistit
1079 2420 1174 2485 etiam
1217 2443 1259 2488 ex

187 2529 296 2610 scripti
332 2530 593 2612 interpretatione
632 2545 727 2608 saepe
766 2526 943 2607 contentio,
986 2526 1021 2588 in
1062 2546 1126 2609 quo
1165 2533 1258 2597 nulla

186 2642 294 2724 petest
344 2657 432 2702 esse.
466 2636 531 2699 nisi
586 2653 627 2696 ex
674 2633 826 2717 ambiguo
872 2638 1101 2702 controversia.
1170 2639 1258 2707 Nam

188 2749 269 2811 illud
315 2750 436 2831 ipsum,
485 2746 571 2828 quod
618 2744 772 2827 scriptum
819 2763 837 2806 a
883 2746 1058 2810 sententia.
1085 2747 1257 2834 discrepat,

185 2876 290 2939 genus
326 2858 487 2941 quoddam
525 2853 620 2918 habet
654 2853 810 2936 ambigui3
848 2901 887 2918 ..
915 2902 921 2915 .
947 2874 988 2917 ex
1015 2859 1258 2945 contrariisque

186 2968 324 3049 seriptis,
359 2970 385 3031 si
422 2966 499 3049 quid
524 2963 709 3046 ambigitur,
741 2982 805 3026 nen
831 2981 949 3026 novum
973 2982 1078 3046 genus
1101 2970 1260 3054 nascitur,

185 3076 241 3140 sed
266 3079 442 3162 superioris
466 3075 595 3159 generis
619 3092 716 3136 causa
741 3072 934 3155 duplicatur.
1049 3074 1125 3138 ,lta
1146 3076 1195 3157 fit,
1221 3087 1260 3145 ut

184 3202 286 3246 unum
321 3203 425 3267 genus
460 3186 495 3248 in
528 3186 569 3246 iis
593 3181 714 3260 causis,
748 3199 832 3262 quae
854 3186 983 3264 propter
1006 3183 1161 3265 scriptum
1187 3208 1257 3254 am-

184 3290 349 3376 biguntur,
381 3295 592 3376 relinquatur,
627 3291 654 3353 si
689 3296 737 3352 est
766 3290 917 3373 scriptum
942 3291 1065 3373 aliquid
1088 3294 1255 3380 ambigue.

184 3450 190 3463 .
215 3449 223 3464 .
247 3449 254 3464 .
280 3402 355 3465 112.
401 3403 525 3466 lterum
554 3405 660 3464 autem
691 3403 848 3482 peccam,-
867 3420 940 3463 cum
963 3420 1066 3484 genus
1091 3402 1150 3466 hoo
1175 3424 1255 3473 cau·

183 3529 301 3593 sarum,
337 3513 422 3594 quod
455 3513 488 3574 in
512 3511 622 3593 scripti
645 3510 904 3591 interpretatione
927 3515 1083 3591 versatur,
1119 3513 1255 3583 abillis

182 3620 297 3703 caesia,
330 3621 365 3682 in
401 3621 529 3704 quibus,
564 3619 671 3703 qualis
707 3636 856 3701 quaeque
880 3637 930 3681 res
954 3621 1005 3696 sit,
1041 3619 1252 3706 disceptatur,

181 3727 368 3810 seiungunt.
426 3729 597 3812 Nusquam
632 3730 719 3791 enim
755 3734 820 3791 tam
855 3728 1035 3808 quaeritur.
1076 3732 1170 3813 quale
1207 3737 1252 3803 sit

181 3853 284 3917 genus
316 3839 422 3920 ipsum
458 3841 514 3920 rei,
550 3857 645 3921 qnam
671 3840 705 3900 in
731 3838 858 3919 scripto,
894 3837 979 3918 quod
1004 3842 1105 3902 totum
1130 3862 1149 3904 a
1173 3842 1251 3909 facti

181 3949 400 4010 controversia
423 3952 605 4031 separatum
630 3952 686 4012 est.
743 3949 812 4010 113.
858 3944 908 4008 lta
931 3947 992 4009 tria
1016 3953 1092 4011 sunt
1115 3952 1248 4016 omnino

170 4071 309 4138 genera,
344 4075 427 4139 quae
453 4059 488 4121 in
513 4055 776 4140 disceptationem
801 4060 831 4120 et
855 4058 1106 4121 controversiam
1131 4060 1248 4127 cadere
