2686 4560
577 269 767 355 -735

131 444 243 507 hibeat
265 445 299 506 in
323 442 529 530 principiis,¹)
552 450 700 530 quamvis
725 450 853 532 saepius
880 455 1049 534 praecepta
1073 450 1112 513 de
1136 470 1203 513 am·

133 552 328 637 plificatione
362 556 457 617 otiam
490 555 530 618 ad
562 557 645 620 hanc
673 562 797 640 partem
830 559 996 622 transferri
1028 556 1204 642 possunt.²)

135 662 185 727 Do
215 661 409 726 elaborando
437 666 569 728 exordio
602 667 765 730 Antonius
794 666 833 730 do
863 687 908 731 or.
937 667 980 747 ΙΙ,
1010 668 1139 744 77,315
1173 673 1205 732 et

138 774 256 850 77,318
280 773 446 836 admonuit
469 811 512 820 -
535 795 609 838 nam
636 778 758 839 monita
773 782 898 839 tantum
915 797 995 840 usus
1011 779 1063 840 sui
1079 777 1205 840 tradere

135 878 237 968 vult3)
267 887 371 945 --ut
405 887 511 946 orator
545 884 696 948 omnibus
729 886 808 948 locis
842 887 981 949 inventis
1005 892 1201 968 postremum

137 992 364 1071 consideraret,
389 1011 453 1074 quo
476 996 623 1057 uteretur
644 994 810 1077 principio,
836 996 912 1077 quia
936 996 1013 1058 haec
1028 1015 1103 1079 pars
1127 1015 1199 1058 ora-

137 1103 236 1165 tionis
256 1121 315 1184 „ex
334 1102 411 1184 ipsis
428 1102 606 1166 visceribus
626 1121 742 1166 causae
758 1104 915 1166 sumenda
932 1105 1043 1168 esset.“
1079 1105 1203 1168 Deinde

138 1211 335 1293 principium
367 1212 410 1273 ita
445 1213 622 1274 narrationi
656 1214 835 1295 ceterisque
870 1213 1023 1277 orationis
1057 1214 1203 1295 partibus

138 1340 301 1384 conexum
326 1338 397 1383 esse
421 1325 576 1403 oportere,
591 1327 628 1385 ut
645 1323 838 1404 „cohaerens
856 1343 930 1386 cum
951 1325 1038 1386 omni
1055 1326 1204 1408 corpore“

137 1427 339 1494 videretur.⁴i

247 1540 354 1621 Atque
368 1540 462 1601 otiam
485 1538 524 1602 de
541 1538 718 1622 principiis,
735 1561 817 1623 quae
840 1544 1010 1624 praecipue
1028 1542 1065 1604 ad
1085 1544 1203 1605 cousti-

135 1650 297 1714 tutionem
321 1644 568 1711 coniecturalcm
592 1651 828 1712 accommodata
845 1654 933 1728 sunt,
949 1649 1057 1715 Cicero
1076 1653 1203 1736 propria

138 1763 312 1843 praecepta
335 1758 423 1820 dedit
446 1757 485 1820 de
508 1762 590 1839 part.
615 1778 660 1822 or.
686 1760 826 1839 35,121.
870 1760 942 1824 Illic
966 1763 1051 1824 enim
1075 1782 1204 1825 accusa-

136 1869 204 1930 tori
226 1866 440 1949 commendat,
462 1868 608 1930 iudicum
633 1869 756 1932 animos
780 1869 820 1931 ad
836 1869 1041 1933 acerbitatem
1065 1873 1206 1935 excitare

136 1978 247 2060 iisque
271 1977 483 2059 suspitionem
507 1976 634 2058 inferre,
657 1978 827 2060 defensori,
852 1981 986 2043 insidias
1010 1981 1205 2044 accusatoris

135 2087 294 2168 conqueri
310 2090 406 2167 atque
421 2086 672 2149 misericordiam
691 2092 722 2149 et
738 2087 995 2151 benevolentiam
1013 2109 1030 2150 a
1044 2088 1207 2152 iudicibus

135 2201 257 2281 petere.

224 2305 395 2386 'Denique
420 2303 659 2366 admonendum
689 2308 746 2384 est,
774 2324 923 2388 nequae
951 2307 1030 2368 vitia
1055 2307 1088 2367 in
1114 2325 1205 2369 exor-

138 2414 194 2477 dio
218 2414 390 2490 exsistant3
429 2412 548 2494 quibus
577 2413 674 2476 rebus
707 2432 744 2476 ea
773 2415 1060 2493 committerentur,
1095 2411 1204 2475 Cicero

140 2523 184 2586 de
215 2523 282 2585 inv.
316 2520 343 2602 Ι,
379 2522 474 2601 18,Ξὸ
511 2524 676 2605 exposuit,
712 2522 770 2585 ubi
805 2522 888 2584 hanc
923 2540 1034 2586 eorum
1074 2541 1206 2586 enume-

138 2634 298 2697 rationem
326 2633 530 2695 invenimus:
565 2631 673 2712 „Vitia
707 2652 784 2696 vero
815 2632 895 2694 haec
921 2640 999 2695 sunt
1028 2633 1205 2696 certissima

142 2741 361 2819 exordiorum,
399 2760 481 2824 quae
504 2762 631 2805 summo
667 2761 761 2825 opere
784 2743 885 2804 vitare
919 2740 1096 2824 oportebit:
1133 2740 1204 2802 rul-

139 2870 228 2934 gare,
253 2870 434 2931 commune,
457 2851 695 2932 commutabile,
721 2852 864 2933 longum,
889 2855 1080 2932 separatum,
1104 2853 1206 2911 trans·

141 2958 255 3040 latum,
278 2963 389 3022 contra
411 2963 610 3043 praecepta;“
635 2966 817 3044 sequuntur
840 2959 1053 3035 definitiones,
1088 2958 1206 3040 quibus

144 3069 255 3132 Cicero
292 3088 329 3132 ea
353 3070 616 3153 circumscripsit.
675 3070 792 3135 Postea
826 3073 934 3131 autem
969 3087 1132 3150 nusquam
1169 3068 1207 3131 dc

142 3180 184 3242 iis
207 3180 388 3242 accuratius
412 3180 463 3242 rel
489 3182 651 3262 copiosius
676 3181 830 3244 disseruit
856 3197 963 3261 neque
991 3179 1053 3240 alio
1077 3178 1146 3239 loco
1171 3196 1207 3239 ea

143 3290 408 3350 commemoravit
425 3309 461 3351 ac
486 3289 525 3352 de
550 3309 594 3352 or.
617 3287 662 3367 II,
686 3288 702 3348 7
710 3288 814 3370 7,315,
838 3288 895 3351 ubi
911 3288 1072 3351 Antonius
1097 3305 1206 3349 eorum

144 3397 197 3460 his
231 3396 339 3460 verbis
373 3399 572 3462 mentionem
607 3397 694 3460 iecit:
731 3395 833 3477 ,Nam
870 3400 895 3461 si
931 3397 1060 3480 quando
1089 3397 1121 3458 id
1152 3392 1208 3480 [sc.

141 3506 327 3590 exordium]
351 3508 491 3590 primum
515 3508 662 3571 inveniro
684 3506 785 3587 volui,
813 3509 941 3571 nullum
965 3507 1044 3570 mihi
1069 3506 1210 3567 occurrit

142 3614 207 3676 nisi
225 3619 281 3677 aut
303 3615 386 3679 exito
407 3622 463 3680 aut
477 3617 684 3697 nugatorium
712 3616 913 3699 autvulgarc
934 3619 989 3678 aut
1007 3614 1208 3678 comnrune.“

251 3812 276 3877 1)
298 3814 331 3865 de
350 3813 405 3867 iar.
426 3812 447 3877 I,
468 3814 553 3874 1825.
894 3814 920 3878 2)
940 3812 973 3864 de
992 3812 1061 3878 part.
1081 3825 1118 3863 or.
1137 3808 1209 3876 830.

250 3902 277 3972 3)
297 3905 330 3957 de
349 3920 386 3961 or.
406 3903 441 3972 II,
461 3908 554 3971 20,87;
573 3906 678 3972 41,175.
698 3944 701 3952 .
891 3901 918 3969 4)
938 3901 970 3953 do
990 3916 1027 3955 or.
1047 3900 1081 3964 ΙΙ,
1101 3903 1210 3958 80.3·25.
