2618 4560
548 282 744 345 -100-

119 458 220 522 ullam
242 459 345 542 legem
368 457 536 541 peccatum
561 459 693 541 aliquod
718 459 871 522 adiuvare
896 459 1066 523 contendet
1082 464 1181 543 scrip·

117 572 294 650 toremque,
318 569 346 631 si
369 569 511 650 exsistat,
536 587 612 632 suas
628 572 733 652 partes
749 573 935 631 secuturum
952 587 1036 648 esse;
1059 569 1182 634 iudices

118 695 184 740 non
218 677 347 759 „scripti
370 677 561 759 recitatores„
595 677 652 741 sed
685 677 858 740 voluntatis
880 679 1089 762 interpretes“
1113 698 1182 744 essa

119 785 250 866 debere,
286 789 451 869 praeterea
485 786 636 850 utilitatis
671 791 702 849 et
725 786 898 850 honestatis
921 787 1001 851 locis
1025 789 1066 851 ad
1090 808 1182 852 suam

118 897 310 959 sententiam
336 893 606 977 comprobandam
642 900 752 959 utetur
774 914 964 980 semperque
987 917 1053 961 non
1077 899 1183 980 verba,

117 1004 173 1067 sed
211 1006 400 1068 sententiam
433 1005 513 1087 legis
546 1006 734 1088 gravitatem
770 1006 888 1069 habere
912 1005 1061 1089 disseret,
1095 1009 1182 1073 haud

117 1114 187 1176 sine
221 1116 387 1177 commodo
423 1115 560 1198 denique
596 1134 657 1197 „ex
689 1115 845 1197 scriptura
878 1115 1000 1196 aliquid
1024 1116 1064 1179 ad
1089 1136 1181 1181 suam

117 1242 248 1287 causam
273 1225 464 1290 convertent
510 1225 588 1288 Loci
611 1243 799 1288 communes
823 1233 941 1301 autem,
967 1226 1022 1307 qui
1041 1229 1183 1292 maxime

117 1335 157 1397 ad
189 1334 271 1397 hanc
303 1335 552 1398 controversiam
588 1334 876 1414 accommodantur,
910 1333 948 1397 de
970 1336 1037 1398 inv.
1064 1336 1183 1418 11,4a‚

120 1444 182 1506 143
207 1444 419 1526 explicantur.
507 1458 510 1463 ·

224 1551 280 1616 Sin
317 1557 495 1620 contrariae
530 1556 617 1637 leges
627 1551 651 1639 1)
685 1554 938 1617 controversiam
970 1553 1105 1636 faciunt,
1142 1555 1183 1618 ab

117 1667 254 1745 utroque
291 1669 416 1728 oratore
449 1666 547 1728 iidem
580 1664 642 1726 loci
677 1662 923 1727 adhibebuntur.
981 1661 1040 1726 Est
1075 1668 1183 1728 autem

59 1838 61 1842 ,
120 1773 353 1854 quaerendum,
377 1778 449 1837 utra
472 1775 527 1838 lex
551 1775 705 1837 maiorem
731 1774 902 1836 utilitatem
925 1772 1184 1856 gravitatemque

116 1880 240 1957 habeat,
264 1887 339 1944 utra
361 1882 401 1945 ad
426 1901 519 1946 omne
542 1902 656 1965 genua,
679 1888 751 1945 utra
775 1883 815 1945 ad
838 1885 962 1961 partem
986 1882 1093 1946 solum
1113 1902 1184 1965 per-

117 1991 233 2070 tineat;
269 1991 386 2054 deinde
411 1990 702 2056 demonstrabimus
726 1996 868 2055 nostram
890 1991 994 2073 legem
1014 1990 1094 2072 ipsis
1114 2011 1184 2056 ver-

118 2098 169 2162 bis
194 2103 343 2183 cognosci
366 2120 473 2184 neque
496 2102 691 2183 alteramur
710 2106 826 2165 nostra
847 2101 1052 2182 acciperetur,
1076 2101 1183 2184 negle-

115 2210 255 2292 gendam
279 2230 359 2293 esse,
381 2213 414 2275 id
439 2213 526 2295 quod
549 2211 620 2274 fieri
643 2230 775 2275 necessa
799 2215 892 2292 esset,
923 2210 951 2273 si
973 2228 1026 2272 res
1050 2211 1085 2272 in
1110 2230 1184 2274 con·

117 2320 249 2383 trariam
283 2325 406 2403 partem
442 2325 691 2385 converteretur.
747 2319 823 2384 Loci
859 2337 1046 2383 communes
1075 2326 1183 2386 autem

117 2447 159 2492 ex
182 2430 319 2493 utilitate
342 2436 374 2494 et
396 2432 561 2495 honestate
584 2436 761 2495 sumentur.
856 2439 860 2447 '

224 2538 263 2599 In
288 2542 507 2604 controversia
530 2560 572 2603 ex
595 2535 863 2618 ratiocinationa²l
888 2537 1012 2620 aliquid
1035 2539 1183 2622 infertur,

118 2647 205 2729 quod
240 2666 305 2711 non
341 2647 497 2729 scriptum
526 2653 588 2727 est3
625 2648 657 2711 id
682 2653 789 2710 autem
815 2647 1004 2721 confirmare
1027 2648 1184 2714 debemus

122 2775 197 2819 curn
223 2775 334 2839 eoque,
359 2757 446 2839 quod
469 2762 601 2839 constat,
623 2759 668 2821 ita
691 2776 885 2840 comparare,
908 2761 946 2821 ut
968 2758 1008 2820 ab
1033 2760 1186 2824 omnibus

118 2868 252 2930 concedi
287 2871 443 2951 oporteat3
480 2872 550 2931 turn
583 2868 725 2931 dicemus
750 2867 961 2950 legislatorem
986 2868 1067 2931 illud
1091 2889 1184 2954 prop-

118 2981 207 3040 terea
229 2977 264 3038 in
289 2978 482 3060 scripturam
508 2997 573 3040 non
597 2978 764 3060 recepisse,
800 2977 886 3059 quod
910 2996 951 3040 ex
975 2979 1090 3041 ceteris
1116 2999 1184 3043 ver·

118 3084 169 3148 bis
192 3086 337 3168 intellegi
369 3086 541 3150 arbitratus
565 3090 650 3150 esset
672 3091 768 3168 atque
791 3086 876 3148 idem
899 3088 931 3149 in
957 3087 1029 3150 aliis
1053 3108 1184 3171 quoque

118 3195 245 3278 legibus
280 3195 401 3259 lactum
436 3215 506 3260 esse
541 3195 844 3261 demonstrabimus.
905 3195 1023 3259 Contra
1055 3197 1183 3262 dicetur

115 3305 208 3387 illud,
235 3305 319 3388 quod
343 3307 546 3370 adversarius
570 3307 740 3388 iniecisset,
762 3307 858 3388 plane
882 3309 1040 3390 ascripto
1065 3308 1183 3373 discre-

116 3432 200 3497 pare,
234 3414 291 3477 ubi
319 3433 370 3479 res
402 3417 611 3499 explicandae
635 3421 720 3498 sunt,
760 3435 844 3498 quae
868 3416 1081 3481 differentiam
1106 3419 1182 3482 satis

119 3523 260 3587 dilucide
300 3525 487 3607 ostendunt;
523 3525 637 3589 deinde
680 3525 767 3608 quod
805 3543 869 3586 non
905 3527 1059 3609 scriptum
1099 3531 1181 3591 esset

117 3633 316 3698 considerari
340 3653 401 3696 non
428 3634 543 3698 debere
567 3635 808 3714 contendemus
840 3635 903 3698 nisi
925 3636 1177 3700 ratiocinationi·

116 3743 187 3826 bus,
218 3763 299 3826 quae
323 3742 416 3808 nobis
439 3743 622 3827 proficiunt,
645 3746 695 3807 uti
717 3744 904 3827 poterimus.
966 3743 1117 3830 Denique
1139 3763 1179 3809 na

224 3990 248 4062 l)
268 3991 668 4057 deinr.1Lla.144-147;
699 3990 731 4045 de
750 3992 817 4061 part.
836 4006 874 4045 or.
892 3993 935 4056 39,
955 3994 1104 4048 rat-138.
