2618 4560
195 1056 329 1175 Studio
354 1112 530 1192 occupatus
548 1113 692 1172 veterum
714 1110 915 1193 scriptorum,
940 1113 997 1193 qui
1022 1111 1060 1174 de
1085 1117 1151 1176 arte

88 1219 247 1282 rhetorica
286 1222 435 1301 egerunt,
482 1220 577 1280 etiam
622 1219 661 1281 ad
709 1217 807 1281 libros
845 1239 863 1280 a
902 1217 1071 1284 Cornificio
1111 1223 1151 1284 ud

86 1327 120 1391 C.
144 1326 349 1391 Herennium
373 1328 508 1408 scriptos
537 1328 670 1411 accessi,
700 1347 879 1410 quoscum
908 1328 1057 1408 legerem,
1086 1348 1150 1391 uon

71 1437 200 1505 inutile
224 1437 302 1500 mihi
326 1436 432 1498 visum
462 1440 510 1498 est
537 1456 573 1500 ea
597 1456 791 1520 comparare,
820 1457 904 1519 quae
934 1437 1045 1500 Cicero
1075 1456 1149 1500 cum

84 1545 233 1609 inlibris
262 1545 320 1626 „de
349 1546 567 1627 inventiond,
597 1551 665 1609 tum
696 1548 732 1608 in
762 1545 992 1628 posterioribus
1022 1547 1149 1627 scriptis

84 1657 124 1719 de
160 1656 297 1739 singulis
332 1653 429 1717 rebus
464 1659 495 1716 et
533 1654 677 1736 partibus
716 1655 834 1718 docuit.
895 1653 958 1717 Sed
994 1656 1147 1736 quoniam

84 1767 201 1828 iterum
236 1770 334 1848 atque
368 1765 486 1826 iterum
522 1765 556 1826 in
591 1783 734 1827 summas
769 1762 982 1844 difficultates,
1031 1763 1148 1845 quibus

84 1875 231 1957 plurimis
255 1873 406 1936 Cornifici
438 1873 535 1937 libros
568 1873 733 1936 abundare
766 1874 842 1935 satis
875 1878 1009 1954 constat,
1040 1873 1149 1954 incidi,

84 1984 200 2046 indies
217 1985 319 2066 magis
338 1983 531 2064 opusculum
549 1981 734 2063 desideravi,
759 1982 844 2064 quod
860 1984 967 2045 omnia
987 1981 1148 2045 Ciceronis
1221 1960 1227 1967 ¹

85 2097 256 2176 praecepta
280 2093 318 2156 de
334 2089 518 2174 eloquentia
542 2108 583 2152 ex
607 2090 758 2153 omnibus
782 2093 851 2155 eius
867 2090 957 2155 libris
980 2092 1147 2155 rhetoricis

84 2203 204 2264 collata
227 2202 409 2264 contineret.

193 2309 326 2393 Suscepi
341 2311 440 2393 igitur
456 2329 536 2392 opus
553 2310 641 2390 utile,
661 2309 716 2372 sed
733 2311 830 2372 ctiam
847 2312 925 2373 satis
941 2308 1150 2390 laboriosum,

82 2417 185 2500 idque
210 2437 247 2482 eo
269 2418 425 2483 libentius
448 2418 517 2498 feci,
542 2420 617 2500 quia
640 2437 746 2501 nuper
763 2419 968 2482 doctissimus
992 2418 1147 2481 librorum

85 2527 249 2591 Ciceronis
284 2528 386 2592 editor
424 2525 641 2609 Harnecker¹)
677 2527 782 2591 denuo
817 2531 959 2606 monuit,
1006 2535 1040 2592 ut
1074 2529 1156 2591 talis·

81 2636 212 2700 libellus
236 2637 366 2700 tandem
390 2642 642 2719 componeretur.

188 2745 301 2809 Libere
320 2745 474 2808 confiteor
491 2765 555 2808 non
579 2748 649 2809 sine
669 2747 787 2810 sudore
805 2766 854 2810 me
877 2767 945 2811 rem
962 2746 1146 2830 perfecisse,

85 2875 158 2918 nam
182 2857 300 2918 iterum
316 2855 500 2938 iterumque
518 2854 679 2918 Ciceronis
698 2854 798 2919 libros
815 2860 907 2918 caute
924 2854 1147 2938 industrieque

86 2964 279 3045 perlustrare
303 2968 334 3026 et
356 2966 551 3046 perscrutari
575 2964 681 3042 debui,
706 2966 813 3047 quoad
831 2967 939 3028 omnia
963 2965 1040 3026 satis
1063 2962 1147 3024 dilu-

85 3074 155 3136 cide
178 3075 307 3157 cognita
340 3078 371 3135 et
402 3078 569 3156 perspecta
602 3071 753 3137 haberem
785 3094 888 3157 eaque
916 3076 962 3136 ita
986 3072 1147 3154 explicare

83 3201 177 3265 posse
200 3182 280 3244 mihi
304 3181 439 3263 viderer,
474 3189 511 3246 ut
535 3184 590 3264 qui
615 3183 873 3246 dissertationem
906 3200 1011 3244 meam
1038 3181 1148 3262 inspe-

83 3293 176 3372 xerit,
200 3293 306 3368 statim
333 3293 440 3354 omnia
464 3292 614 3354 facillime
638 3291 847 3375 intellegeret.

189 3401 287 3464 Initio
312 3420 397 3482 vero,
427 3402 560 3465 eumad
585 3403 671 3507 hanc
696 3402 916 3483 quaestionem
950 3399 1148 3482 aggrederer,

86 3510 120 3571 in
155 3511 264 3572 animo
301 3510 363 3574 fuit
398 3513 515 3592 omnia,
551 3529 632 3592 quae
667 3509 776 3573 Cicero
812 3509 851 3571 de
886 3513 954 3571 arte
988 3508 1148 3570 rhetorica

82 3620 217 3702 scripsit,
254 3639 454 3704 componere,
490 3618 644 3698 conferre,
679 3620 763 3680 inter
798 3635 831 3678 se
856 3634 1055 3700 comparare3
1091 3615 1148 3677 sed

83 3733 119 3794 in
156 3727 350 3794 elaborando
386 3731 551 3794 celerrime
586 3728 733 3791 intellexi
766 3725 843 3807 fore,
879 3730 915 3788 ut
947 3725 1147 3807 propositum

192 3919 216 3990 1)
231 3918 321 3976 Cicero
332 3922 383 3989 „de
393 3924 515 3977 oratoro“
527 3922 566 3976 ed.
577 3917 862 3975 Piderit-llamocker6
874 3918 946 3986 Lips
963 3920 1147 3974 1886-1890.

80 4011 165 4078 praef.
183 4028 210 4080 p.
230 4017 273 4070 51.
292 4017 334 4070 60.
354 4018 397 4070 62.
974 4088 985 4136 l
