2618 4560
633 245 810 305 ‚18-

195 422 345 504 superius
362 421 441 484 illud
460 439 565 500 genus
588 439 718 484 causam
742 427 798 483 aut
820 398 1072 483 controversiam
1094 422 1272 504 appellant

197 549 335 613 eamque
356 530 470 609 tribus,
501 530 557 593 lite
579 534 638 592 aut
660 530 889 593 deliberatione
916 534 976 591 aut
997 530 1189 594 laudatione
1214 532 1269 596 de

192 639 343 703 finiunt.“
387 638 492 702 Etiam
517 639 550 700 in
571 638 654 701 libro
678 639 736 720 „de
759 640 929 721 partitione
947 640 1105 702 oratoria“
1129 641 1268 706 duobus

193 751 273 815 loeis
312 751 445 814 eandem
495 768 667 813 causarum
709 748 968 811 distributionem
1011 746 1124 811 Cicero
1171 761 1268 834 pater

191 859 296 922 filium
320 859 444 943 docuit,
474 879 613 942 quorum
642 859 789 939 alterum,
812 858 851 921 de
874 864 954 940 part.
980 877 1023 920 or.
1050 859 1267 943 3,10.-4,11,

192 969 301 1052 paullo
323 974 396 1051 post
418 970 603 1032 accuratius
625 974 761 1030 tractare
785 966 939 1030 debemus
962 985 1098 1048 eamque
1121 968 1165 1031 ob
1189 990 1262 1034 rem

192 1078 356 1154 hocloco,
391 1079 447 1141 nbi
471 1080 542 1142 eius
566 1079 685 1141 mentio
720 1077 866 1140 iacienda
892 1081 969 1155 erat,
1004 1083 1264 1159 praetereamus,

193 1187 331 1250 alterum
358 1189 463 1250 statim
492 1188 525 1249 in
550 1188 693 1250 medium
722 1186 862 1269 proferre
888 1186 1052 1267 volumus3
1076 1190 1262 1269 reperimus

193 1297 280 1359 enim
316 1296 355 1358 de
379 1304 461 1379 part.
497 1316 542 1359 or.
567 1296 751 1376 tuoe-70
780 1297 864 1357 hanc
886 1295 1148 1377 explicationem:
1184 1299 1259 1376 ,.69.

195 1405 237 1467 Εῖ
271 1424 381 1468 earum
416 1402 473 1495 [sc.
510 1402 695 1490 causarum]
734 1405 863 1487 quidem
897 1404 1000 1466 torma
1034 1404 1157 1486 duplex
1194 1416 1260 1471 est:

192 1534 330 1597 quarum
362 1515 459 1577 altera
495 1514 737 1578 delectationem
766 1517 905 1576 sectatur
933 1513 1075 1594 aurium,
1110 1515 1261 1600 alterius,

192 1631 229 1688 ut
252 1624 403 1707 obtineat,
431 1624 544 1707 probet
571 1629 604 1688 et
626 1624 741 1689 efficiat
765 1623 851 1706 quod
875 1624 950 1705 agit,
983 1624 1087 1685 omnis
1110 1629 1161 1687 est
1184 1645 1260 1690 sus-

191 1739 284 1816 cepta
307 1735 480 1797 contentio.
527 1732 642 1816 ltaque
677 1734 757 1795 illud
794 1732 944 1813 superius
972 1733 1141 1794 exornatio
1176 1734 1258 1798 dici-

192 1849 259 1923 tur3
284 1890 292 1906 .
319 1898 323 1906 ,
352 1840 558 1923 ,Reliquum
583 1846 690 1904 autem
719 1860 824 1923 genus
847 1859 1016 1903 causarum
1046 1843 1157 1904 autin
1183 1864 1259 1926 pro-

192 1953 319 2016 visione
348 1952 466 2034 posteri
501 1951 654 2032 temporis
689 1955 744 2013 aut
773 1951 809 2011 in
836 1951 1000 2032 praeteriti
1022 1949 1257 2032 disceptatione

193 2067 355 2138 versatur3
381 2079 517 2143 quorum
543 2059 679 2123 alterum
701 2058 939 2123 deliberationis
963 2065 1019 2137 est,
1044 2060 1182 2123 alterum
1205 2063 1256 2125 iu·

192 2172 276 2235 dicii.
303 2171 352 2234 70.
377 2169 429 2234 Ex
454 2190 518 2253 qua
541 2169 712 2253 partitione
734 2170 795 2231 tria
818 2189 936 2252 genera
960 2189 1130 2233 causarum
1156 2173 1258 2234 exsti·

191 2286 314 2346 terunt:
357 2300 478 2357 unum,
519 2281 605 2363 quod
637 2299 655 2340 a
689 2279 819 2342 meliore
854 2284 943 2361 parte
977 2278 1171 2342 laudationis
1206 2286 1257 2344 est

191 2391 395 2474 appellatum,
431 2389 668 2453 deliberationis
696 2389 840 2468 alterum,
873 2389 1003 2450 tertium
1028 2389 1256 2454 iudiciorum.“

191 2499 423 2562 Brevissinram
458 2503 563 2560 autem
599 2497 696 2559 huius
719 2498 766 2559 rei
802 2499 1033 2579 expositionem
1069 2498 1157 2561 dedit
1189 2503 1256 2582 top.

191 2609 286 2687 rtet
314 2607 363 2670 his
392 2605 516 2670 verbis:
551 2605 640 2686 „Tria
675 2610 752 2668 sunt
787 2607 885 2688 igitur
916 2624 1033 2688 genera
1062 2626 1254 2672 causarum:

197 2718 320 2798 iudicii,
343 2715 589 2795 deliberationis
613 2714 836 2779 laudationis“

298 2826 338 2890 In
362 2822 482 2910 librie¹)
516 2829 632 2904 autem,
665 2826 721 2906 qui
745 2825 773 2886 ei
794 2843 909 2906 ,puero
934 2829 989 2893 aut
1012 2826 1257 2890 adulescentulo

191 2956 233 2999 ox
262 2936 531 2999 commentariolis
560 2936 628 2998 suis
655 2934 803 2997 inchoata
831 2938 862 2996 et
898 2933 993 2996 rudia
1021 2935 1258 3024 exciderunt‘2)

192 3045 300 3108 Cicero
333 3047 394 3108 tria
426 3045 482 3107 illa
515 3063 642 3126 genera,
675 3049 712 3106 ut
742 3045 806 3106 iarn
840 3063 936 3125 supra
959 3064 977 3105 a
1000 3043 1093 3108 nobis
1122 3045 1256 3110 demon·

191 3159 326 3218 stratum
351 3159 409 3230 est,
441 3155 522 3217 falso
554 3152 719 3216 materiam
753 3154 829 3215 artis
862 3153 1037 3216 rhetoricae
1068 3174 1138 3218 esse
1161 3161 1258 3239 puta-

191 3269 368 3346 voratque
392 3265 424 3327 in
450 3284 485 3329 re
498 3262 704 3328 Aristotelem
728 3263 820 3344 sequi
843 3262 905 3325 sibi
923 3263 1012 3347 visus
1036 3269 1110 3326 erat.
1139 3264 1257 3346 Atque,

191 3377 227 3434 ut
251 3372 441 3437 adulescens
466 3375 505 3438 de
528 3375 593 3436 inv.
617 3373 642 3453 I,
667 3373 695 3451 5,
722 3372 737 3432 i
764 3370 843 3448 etl,
868 3373 895 3453 7,
921 3374 939 3434 9
962 3373 1254 3455 praeclarissimum

190 3482 281 3544 illurn
307 3482 531 3565 philosophum
556 3487 687 3546 secutus
712 3487 767 3562 est,
800 3483 846 3544 ita
875 3500 915 3544 ne
939 3501 1039 3544 senex
1063 3482 1193 3565 quidem
1219 3485 1255 3547 in

190 3592 376 3674 „partitione
400 3593 566 3674 oratorie,
602 3611 697 3673 quam
731 3592 857 3673 scripsit
881 3610 964 3653 anno
997 3611 1024 3654 a.
1049 3590 1121 3658 Chr.
1146 3611 1176 3654 n.
1200 3593 1255 3657 46.

190 3700 240 3764 rel
265 3698 306 3762 45
332 3700 437 3783 paullo
462 3706 535 3764 ante
553 3706 685 3765 mortem
700 3720 801 3781 suam,
821 3699 912 3762 abeo
929 3700 1088 3781 dissensit,
1109 3703 1164 3764 sed
1179 3722 1256 3767 oan-

190 3809 1252 3893 dompartitionem,quailleususest,paeneadverbumtranstulit.

298 3949 322 4016 ι)
342 3919 373 4002 aa
392 3919 445 4004 inv.
464 3949 487 4016 1,
508 3955 532 4016 5,
553 3956 576 4007 r.
614 3949 648 4012 11,
669 3953 694 4018 4,
713 3953 754 4005 12.

214 4062 219 4074 ·
294 4039 559 4110 mmmlzb
