2618 4560
632 260 807 324 ..36-

185 439 274 503 dum.
322 436 405 501 Nam
428 439 555 501 001110
578 437 820 501 consistendum
844 443 901 517 est,
923 442 961 501 ut
983 438 1026 520 id,
1053 440 1143 523 qnod
1174 442 1258 506 obii-

184 549 276 629 citur,
299 547 420 610 factum
443 565 555 629 negem
581 550 636 609 aut
658 545 749 626 illud,
762 546 982 629 quodfactum
1004 547 1136 630 fateare,
1151 569 1258 636 neges

184 676 251 721 eam
277 658 342 720 vim
367 655 483 720 habere
508 661 606 738 atque
628 655 662 717 id
685 673 764 736 esse,
800 655 887 738 quod
910 655 1118 750 adversarius
1142 662 1256 725 crimi-

182 772 290 847 001οη
314 772 379 847 001,
402 766 429 828 01
452 783 560 847 neque
582 764 621 827 de
636 764 718 826 facto
742 783 849 847 neque
872 763 911 827 de
934 763 1009 827 facti
1032 766 1256 848 appellatione

183 874 302 956 ambigi
325 879 439 956 potest,
473 874 515 954 id,
550 873 637 955 quod
661 892 807 956 arguere,
838 892 936 954 neges
959 874 1024 937 tale
1047 893 1129 957 esse,
1154 879 1255 960 quale

182 984 237 1046 ille
262 984 355 1061 dicat,
388 989 419 1047 et
442 991 565 1046 rectum
588 1001 668 1064 esse,
696 983 785 1064 quod
817 982 940 1063 sacaria,
964 983 1254 1052 concedendumve

184 1091 347 1155 defendas.
396 1093 468 1155 102.
493 1091 542 1154 110
565 1093 689 1174 primus
711 1091 766 1154 ille
789 1096 891 1154 status
914 1097 945 1154 et
969 1093 1061 1174 quasi
1085 1094 1252 1161 conflictio

183 1220 255 1264 cunr
281 1201 465 1264 adversario
489 1203 673 1265 coniectura
697 1201 845 1282 quadam,
869 1202 1034 1264 secundus
1058 1207 1171 1266 autern
1198 1204 1252 1269 de·

181 1308 326 1372 finitione
349 1315 445 1392 atque
469 1310 683 1393 descriptione
712 1319 767 1372 001
794 1309 1020 1373 informatione
1048 1312 1151 1394 verbi,
1187 1319 1250 1378 ter-

183 1421 247 1482 tius
271 1419 365 1500 aequi
399 1425 430 1482 et
459 1421 524 1483 veri
548 1428 579 1483 et
606 1420 684 1482 recti
716 1423 748 1481 et
775 1418 909 1481 humani
938 1419 979 1481 ad
1011 1419 1250 1502 ignoscendum

183 1528 397 1611 disputatione
431 1529 617 1593 tractandus
652 1529 741 1593 est.“-
785 1526 834 1590 De
861 1545 978 1608 genere
1005 1528 1100 1611 legali
1130 1538 1249 1613 autem,

180 1639 243 1721 egit
266 1638 305 1702 de
329 1644 407 1722 part.
432 1659 477 1702 or.
504 1641 555 1718 31,
581 1639 643 1701 108
671 1638 732 1700 hoc
755 1637 866 1699 modo:
903 1635 1003 1716 „Onm
1040 1644 1149 1702 autern
1187 1647 1244 1705 aut

180 1748 273 1832 plura
296 1747 517 1830 significantur
551 1748 668 1828 scripto
703 1750 830 1828 propter
859 1745 949 1809 verbi
984 1753 1040 1809 aut
1071 1748 1247 1813 verborum

181 1856 431 1938 ambiguitatem,
460 1862 496 1919 01
519 1857 614 1919 liceat
637 1857 677 1935 ei,
714 1857 770 1936 qui
793 1861 904 1918 contra
928 1856 1019 1932 dicat,
1053 1875 1091 1920 eo
1119 1859 1248 1924 trahere

181 1965 445 2047 significationem
481 1966 601 2046 scripti,
637 1983 700 2046 qno
733 1964 882 2046 expediat
913 1969 969 2027 aut
992 1966 1084 2046 velit;
1121 1973 1188 2050 aut,
1220 1971 1248 2034 si

181 2073 331 2156 ambigue
365 2074 518 2157 scriptum
553 2074 692 2154 nonsit,
725 2075 775 2137 vel
807 2074 957 2137 averbis
981 2075 1183 2140 voluntatem
1218 2084 1249 2143 et

179 2185 367 2248 sententiam
393 2183 555 2262 scriptoris
578 2183 738 2247 abducere
762 2183 813 2246 val
848 2183 909 2246 alio
944 2203 977 2247 se
1006 2184 1117 2248 eadem
1149 2187 1191 2249 de
1214 2207 1249 2252 re

180 2294 336 2357 contrarie
371 2294 488 2374 scripto
517 2293 696 2374 defendere,
731 2299 800 2355 tum
835 2291 1021 2374 disceptatio
1057 2311 1098 2357 ex
1135 2298 1249 2381 scripti

180 2404 385 2466 contentione
420 2404 555 2481 exsistit,
588 2408 625 2466 ut
658 2404 692 2465 in
728 2402 890 2483 ambiguis
925 2401 1130 2485 disceptetur,
1167 2407 1249 2489 quid

180 2513 321 2574 maxime
345 2511 563 2595 significetur3
585 2515 620 2575 in
640 2513 751 2594 scripti
770 2512 1011 2593 sententiaeque
1030 2515 1248 2606 contentione,

180 2627 287 2684 utrum
311 2623 419 2704 potius
435 2626 590 2704 sequatur
607 2620 722 2696 iudex3
743 2621 776 2681 in
794 2621 961 2683 contrariis
978 2622 1117 2703 scriptis,
1134 2628 1248 2691 ntrurn

180 2732 282 2814 magis
319 2733 360 2794 sit
394 2729 698 2812 comprobandum.“
759 2728 811 2791 Ex
845 2730 955 2792 multis
991 2749 1066 2793 vero
1098 2734 1248 2813 partibus

177 2841 249 2923 illis,
274 2859 354 2924 quas
369 2839 478 2903 Cicero
502 2841 541 2903 de
557 2841 624 2905 inv.
641 2839 666 2916 l,
682 2839 729 2913 11,
749 2838 877 2901 14-15
902 2848 933 2902 01
957 2837 1118 2921 11,21,62
1138 2849 1247 2928 sequi.

182 2951 401 3014 constitutioni
424 2950 566 3032 generali
591 2948 736 3030 subiecit,
770 2949 804 3010 in
839 2948 900 3011 hoc
927 2947 1009 3010 libro
1042 2950 1144 3013 solam
1169 2973 1250 3019 eon.

180 3060 355 3123 cessionem
381 3059 497 3122 leviter
520 3060 633 3141 tetigit,
661 3078 732 3122 curn
764 3060 802 3122 de
829 3063 908 3140 part.
932 3076 975 3122 or.
1002 3058 1139 3140 37,131
1166 3067 1247 3129 seri·

176 3168 282 3235 beret:
301 3167 352 3250 „Si
369 3169 590 3251 imprudenter
610 3173 666 3230 001
684 3168 873 3231 necessitate
897 3172 953 3229 aut
976 3186 1051 3230 casu
1076 3170 1245 3255 quidpiam

175 3279 294 3358 fecerit,
397 3279 434 3341 ad
472 3280 541 3342 eius
573 3279 648 3340 facti
684 3276 938 3359 deprecationem
972 3277 1160 3358 ignoscendi
1188 3303 1245 3366 pe·

175 3389 271 3451 tenda
296 3389 389 3451 venia
414 3393 471 3469 est,
499 3407 583 3471 quae
608 3386 1245 3474 00100101000101100001001000001-

175 3499 280 3562 10110.“
339 3496 443 3560 Etiam
491 3497 730 3560 translationem
774 3497 1036 3559 commemoravit
1082 3498 1121 3562 de
1160 3510 1243 3584 part,

176 3627 221 3670 or.
247 3607 298 3687 28,
323 3607 374 3688 99,
407 3607 464 3670 sed
499 3607 538 3669 de
573 3626 610 3668 ea
644 3608 746 3687 magis
781 3611 854 3668 ante
880 3605 1046 3682 iudicium,
1079 3627 1177 3689 quarn
1206 3614 1243 3677 in

174 3718 243 3799 ipso
267 3717 386 3779 iudicio
410 3717 569 3799 agendum
596 3735 664 3779 esse
682 3715 891 3791 docuitque
911 3717 944 3777 in
962 3734 999 3777 ea
1016 3720 1241 3798 quaerendum

175 3833 273 3888 esset:
310 3833 386 3906 „ant
409 3829 492 3891 sitne
516 3826 598 3888 actio
621 3826 677 3907 illi,
713 3826 768 3909 qui
794 3826 867 3906 agit,
904 3829 959 3887 001
986 3825 1092 3888 iamne
1117 3829 1159 3892 sit
1182 3838 1242 3896 aut

174 3955 252 3998 0001
287 3936 352 3997 iam
388 3955 457 4000 esse
493 3936 622 3999 desierit
658 3940 713 3998 001
749 3935 845 3997 111000
880 3934 958 4017 lege,
1000 3935 1091 3999 hisne
1130 3938 1239 4005 verbis

174 4045 345 4109 01100110.ιι
919 4062 923 4067 ·
