2686 4560
637 270 812 331 ..78-

192 448 271 530 quid
294 449 328 509 in
353 448 570 511 controversia
592 448 797 529 relinquatur
820 444 986 509 ostendit.“
1037 444 1079 508 nt
1100 445 1161 508 hoo
1188 447 1267 528 qui-

193 557 264 620 dem
303 558 367 620 iam
401 554 612 637 Volkmann¹l
653 555 895 632 animadvertit3
936 556 963 618 si
1001 572 1076 618 vero
1116 555 1171 618 ille
1211 557 1268 619 vir

192 666 431 729 illustrissimus
465 685 494 748 p.
530 665 590 727 173
626 682 709 729 vers,
747 663 831 725 5-6
867 663 1032 727 contendit
1071 663 1266 728 Ciceronem

193 794 354 858 nusquam
379 775 628 857 propositionem
660 774 812 855 attigisse,
848 772 952 835 facere
986 791 1050 837 non
1075 793 1269 858 possumus,

193 886 270 967 quin
296 902 368 947 eum
394 885 511 946 erroris
534 882 770 946 insimulemus.
833 880 916 944 Nam
947 883 1006 945 etsi
1032 881 1140 946 Cicero
1165 904 1267 949 voca·

193 993 271 1056 bulo
311 992 563 1076 „propositione“
601 1011 762 1073 nusquam
802 1010 881 1054 usus
920 997 976 1072 est,
1014 995 1120 1054 tamen
1160 991 1268 1054 huius

193 1102 292 1184 partis
330 1101 478 1183 pluribus
511 1101 591 1164 locis
633 1102 827 1164 mentionem
866 1101 941 1163 feeit
974 1119 1109 1183 eamque
1156 1100 1269 1182 planis

194 1216 225 1273 et
253 1211 433 1292 perspicuis
457 1210 564 1274 verbis
602 1211 646 1272 ita
680 1211 940 1293 circumscripsit,
977 1215 1010 1273 ut
1041 1227 1138 1293 prave
1168 1210 1269 1273 intel·

194 1320 310 1402 legere,
329 1338 411 1402 quae
435 1320 580 1399 senserit,
594 1338 659 1381 non
683 1321 853 1402 possimus.
899 1317 951 1382 Sic
968 1320 1006 1383 de
1022 1339 1065 1382 or.
1078 1319 1103 1401 Ι,
1116 1320 1169 1396 31,
1190 1318 1270 1399 143,

194 1429 251 1492 ubi
280 1427 422 1493 ,Crassus
463 1447 521 1492 sex
553 1435 659 1511 partes
698 1429 849 1492 orationis
887 1429 1096 1507 enumeravit,
1132 1428 1267 1490 tertiam

195 1558 316 1619 carram,
340 1544 376 1601 ut
400 1557 497 1620 supra
520 1538 672 1619 vidimus,
694 1539 754 1600 hoc
778 1539 874 1601 modo
898 1538 1105 1621 significavit:
1131 1541 1267 1619 „postea

195 1649 443 1712 controversiam
468 1648 742 1711 constituendam‘
768 1645 822 1733 [sc.
847 1667 916 1711 esse
941 1643 1149 1732 acceperam].
1178 1645 1267 1709 Item

194 1758 357 1820 Antonius
388 1757 426 1818 de
450 1775 494 1818 or.
518 1755 560 1837 ΙΙ,
587 1759 636 1838 19,
671 1759 712 1820 80
749 1776 789 1821 ex
819 1757 928 1821 eadem
954 1758 1136 1821 occasione:
1171 1762 1268 1838 „post

195 1866 330 1946 antem,“
354 1867 472 1946 inquit,
505 1865 666 1944 „dividere
695 1886 825 1930 oausam
851 1875 906 1929 aut
929 1865 1137 1950 proponere;“
1163 1871 1267 1948 atque

195 1974 279 2036 idem
313 1973 406 2050 infra,
443 1974 481 2036 de
506 1993 551 2038 or.
580 1974 623 2056 ΙΙ,
659 1974 711 2052 80,
748 1977 820 2056 331,
855 1978 1037 2040 narratione
1070 1980 1268 2058 pertractata

196 2083 295 2146 dixit:
330 2081 514 2164 „Sequitur,
550 2089 586 2147 ut
614 2103 710 2148 causa
734 2091 880 2168 ponatur,
915 2089 947 2148 in
985 2106 1049 2168 quo
1085 2083 1266 2147 videndum

195 2199 252 2265 est,
278 2193 357 2277 quid
379 2194 413 2255 in
439 2196 688 2257 controversiam
713 2196 849 2257 veniat.“

301 2305 362 2368 Sed
387 2303 469 2365 illud
498 2309 582 2366 recte
612 2323 630 2365 a
660 2302 812 2366 Cicerone
844 2301 967 2367 factum
1002 2323 1071 2368 esse
1099 2307 1268 2386 putamus,

197 2421 234 2477 ut
271 2409 520 2496 propositionem
560 2418 591 2475 et
628 2414 829 2494 partitionem
869 2415 954 2477 inter
992 2433 1026 2477 se
1061 2416 1266 2491 conecteret;

196 2542 281 2601 nam,
317 2523 344 2582 si
379 2526 485 2584 orator
520 2541 658 2603 causam,
693 2522 731 2585 de
761 2543 824 2605 qua
849 2524 994 2587 dicturus
1018 2528 1074 2604 est,
1111 2522 1267 2604 proponit

197 2631 294 2693 simul
328 2635 443 2713 parteS,
478 2632 511 2692 in
542 2651 621 2714 quas
646 2651 716 2694 eam
741 2631 911 2714 distribuit,
946 2632 1086 2695 breviter
1109 2635 1265 2712 exponet.

198 2738 288 2815 Quae
320 2738 505 2803 distributio
541 2741 640 2803 altera
675 2745 724 2803 est
759 2741 897 2804 duarum
933 2743 1082 2824 partium,
1116 2759 1199 2822 quas
1224 2741 1267 2805 de

197 2851 263 2912 inv.
287 2849 312 2931 I,
337 2850 388 2931 22,
413 2851 452 2913 31
485 2852 648 2935 partitioni
672 2849 815 2931 subiecit,
850 2870 911 2932 „ex
935 2871 998 2933 qua
1022 2849 1201 2931 conficitur,
1226 2857 1292 2915 ut·

197 2964 300 3022 certas
324 2961 430 3023 animo
454 2979 505 3023 res
528 2965 635 3023 teneat
659 2959 794 3042 auditor,
827 2958 945 3041 quibus
975 2961 1068 3024 dictis
1095 2959 1268 3044 intellegat

197 3068 264 3130 fore
287 3071 498 3151 peroratunr.“

303 3176 375 3239 Tria
410 3196 485 3239 vero
524 3177 603 3239 haec
637 3179 817 3259 partitionis
855 3199 929 3262 pars
968 3178 1084 3243 habeat
1124 3184 1267 3261 oportet:

197 3287 394 3366 brevitatem,
420 3283 666 3368 absolutionem,
690 3290 892 3370 paucitatem.
952 3287 1042 3363 Quae
1075 3286 1186 3351 Cicero
1224 3289 1268 3352 de

197 3396 247 3457 his
270 3395 368 3458 rebus
392 3397 552 3478 praecepit
574 3415 691 3480 magna
724 3403 877 3480 exparte
911 3397 949 3461 de
984 3399 1050 3462 inv.
1075 3397 1101 3476 Ι,
1136 3398 1190 3478 23,
1221 3400 1266 3462 33

197 3504 353 3586 repetivit,
376 3503 430 3566 ubi
457 3506 608 3569 universe
633 3507 671 3570 de
695 3509 864 3590 partitione
889 3509 954 3590 egit
977 3508 1150 3589 omniaque
1170 3526 1269 3590 prae-

198 3618 299 3695 cepta,
328 3632 409 3695 quae
433 3615 471 3679 ad
496 3634 567 3678 eam
590 3618 759 3699 pertinent,
782 3619 826 3679 ita
849 3616 1102 3703 comprehendit:
1132 3619 1269 3702 „Atque

198 3724 248 3786 his
272 3723 311 3784 de
333 3724 503 3805 partitione
526 3727 704 3807 praeceptis
727 3727 762 3787 in
787 3727 874 3788 onrni
904 3725 1041 3788 dictione
1073 3726 1269 3793 meminisse

198 3832 364 3914 oportebit,
388 3837 423 3895 ut
447 3838 478 3896 et
500 3834 603 3915 prima
629 3853 775 3917 quaeque
798 3854 881 3917 pars,
915 3843 950 3898 ut
977 3837 1121 3917 exposita
1149 3842 1203 3900 est
1231 3838 1269 3901 in

308 4074 331 4137 1)
351 4068 516 4123 Volkmann:
545 4068 642 4139 „Rhet
661 4072 686 4128 d.
705 4070 750 4131 Gr,
779 4087 803 4126 u.
822 4070 871 4125 Rf‘
891 4070 929 4139 2ρ.
950 4075 1010 4130 173.
