2618 4560
471 355 476 363 Ι
554 279 754 341 -ror-

121 455 152 516 in
190 454 249 516 hac
284 454 413 536 quidem
446 456 662 519 controversia
692 456 754 518 loci
778 474 966 522 communes
988 460 1183 540 praetermit-

120 563 209 627 tendi
233 567 318 626 sunt.
366 592 368 594 v
806 560 810 568 “

227 671 338 735 Restat
362 670 550 757 definiti031)
585 674 643 737 ubi
668 675 777 738 Cicero
810 676 891 738 nihil
914 678 991 738 novi
1012 679 1184 760 praecepit,

122 782 176 846 sed
200 783 343 864 legentes
367 782 407 844 ad
431 783 518 845 locos
541 783 575 844 in
600 785 827 848 constitutione
852 785 1016 850 definitiva
1032 790 1184 850 tractatos

124 893 287 975 delegasse
312 892 389 954 satis
413 910 482 955 esse
506 894 715 957 existimavit.

445 1023 474 1086 5.
507 1019 560 1084 De
595 1023 863 1089 conclusione.

228 1131 363 1194 Exitum
393 1134 424 1193 et
448 1130 745 1194 determinationem
775 1134 872 1196 totius
897 1135 1049 1199 orationis
1074 1133 1184 1198 Cicero

124 1243 160 1305 de
184 1243 249 1304 inu.
286 1241 310 1321 Ι,
344 1240 439 1322 tuus
474 1240 713 1303 conclusionem
748 1243 886 1322 vocavit,
922 1262 986 1327 quo
1025 1242 1184 1309 vocabulo

124 1352 219 1414 etiam
243 1350 282 1413 de
306 1369 352 1412 or.
376 1349 418 1428 ΙΙ,
444 1348 561 1431 81‚332
592 1369 673 1413 usus
702 1355 759 1431 est,
794 1371 867 1415 cum
903 1353 974 1416 aliis
997 1354 1075 1417 locis
1099 1354 1184 1415 hanc

122 1464 242 1538 partem
260 1461 493 1543 perorationem
515 1455 725 1543 appellaret.²)
772 1457 875 1534 Quam
892 1460 930 1524 de
953 1462 1019 1527 inv.
1037 1460 1062 1542 I,
1088 1463 1183 1538 52,98

119 1571 155 1632 in
179 1574 245 1633 tres
269 1574 375 1652 partes
400 1568 582 1632 distribuit:
612 1570 896 1651 enumerationem,
919 1570 1183 1652 indignationem,

119 1680 397 1762 conquestionem,
434 1677 473 1742 de
507 1684 587 1761 part.
613 1698 656 1741 or.
683 1680 776 1760 15,52
812 1683 919 1742 autem
956 1680 1035 1743 duas
1059 1684 1185 1742 tantum

121 1793 152 1854 ei
178 1789 330 1853 subiecit:
356 1787 635 1869 amplificationem
654 1793 685 1851 et
708 1789 994 1853 enumerationem.
1041 1788 1080 1851 In
1105 1807 1183 1852 enu-

116 1900 299 1963 meratione
322 1898 512 1981 gravissima
537 1916 657 1979 eorum,
690 1916 791 1981 „quae
815 1897 957 1981 disperse
986 1901 1017 1961 et
1050 1894 1183 1958 diffuse‘

118 2011 205 2072 dicta
230 2012 315 2089 sunt,
338 2008 450 2091 paucis
474 2006 581 2070 verbis
605 2012 793 2090 repetantur
816 2012 947 2091 oportet,
980 2027 1043 2089 quo
1068 2006 1184 2069 melius

119 2118 161 2180 ab
187 2116 388 2180 auditoribus
412 2113 650 2202 retineantur.³)
696 2117 759 2181 Sed
783 2119 963 2180 cavendum
987 2121 1035 2180 est
1059 2115 1184 2191 oratori,

117 2247 162 2291 ne
187 2226 399 2289 similitudine
425 2245 494 2305 eos,
523 2227 578 2308 qui
602 2226 747 2306 audiunt,
776 2227 934 2309 defatiget,
965 2243 1062 2308 quare
1087 2242 1184 2305 quam

117 2336 297 2399 maximam
323 2320 509 2399 varietatem
542 2333 693 2399 adhibere
724 2336 835 2418 debet;
872 2355 969 2419 quam
993 2333 1114 2414 efficiet,
1149 2336 1184 2394 ut

120 2445 276 2508 discimus
301 2445 339 2508 de
363 2445 427 2508 inu.
443 2445 469 2526 Ι,
494 2446 710 2527 enee-100,
732 2447 874 2529 primum
897 2447 924 2509 si
948 2464 1009 2528 „ex
1032 2464 1092 2507 sua
1114 2461 1184 2525 per·

120 2556 216 2617 sona“
242 2573 288 2636 ea,
312 2573 393 2636 quae
422 2554 513 2636 dixit,
543 2554 715 2636 collegerit,
749 2555 865 2619 deinde
889 2557 916 2620 si
941 2556 1060 2638 „aliam
1077 2570 1184 2637 perso-

122 2685 197 2727 nam
221 2669 277 2727 aut
315 2684 382 2726 rem
417 2664 580 2746 aliquam“
616 2664 757 2728 breviter
789 2665 845 2728 illa
881 2668 1125 2729 enumerantem
1156 2667 1188 2725 et

121 2774 395 2856 redintegrantem
429 2774 546 2837 fecerit.
612 2773 654 2835 Et
690 2773 815 2836 duabus
854 2773 984 2854 quidem
1019 2773 1053 2833 in
1087 2769 1186 2833 rebus

126 2880 234 2946 Cicero
259 2884 342 2945 hanc
377 2886 498 2966 partem
534 2882 750 2946 conclusionis
779 2882 924 2945 adhiberi
947 2881 1018 2943 vult
1042 2880 1081 2943 de
1104 2884 1185 2961 punt.

122 3009 166 3056 or.
192 2993 304 3072 17‚59:
334 2993 379 3073 „si
403 2997 460 3054 aut
493 2993 666 3055 memoriae
695 2990 820 3055 diffidas
845 3009 966 3071 eorum,
994 2989 1079 3073 apud
1105 3007 1185 3070 quos

122 3120 206 3184 agas,
241 3102 292 3165 uel
327 3102 492 3165 intervallo
521 3102 674 3184 temporis
709 3102 766 3164 vel.
794 3099 995 3184 longitudine
1033 3098 1185 3162 orationis

123 3215 178 3273 aut
211 3210 421 3293 frequentatis
457 3210 669 3274 firmamentis
705 3212 855 3275 orationis
891 3215 922 3273 et
955 3209 1096 3273 breuiter
1128 3227 1184 3272 ex·

123 3321 235 3400 positis
258 3322 325 3383 vim
349 3327 397 3384 est
420 3319 567 3393 habitura
591 3340 689 3385 causa
712 3321 891 3384 maiorem.“

229 3428 454 3513 indignatione
489 3434 606 3512 autem,
642 3451 725 3513 quae
752 3431 912 3514 inprime
948 3429 1105 3492 librorum
1129 3425 1186 3509 „de

125 3535 329 3602 inventione“
365 3541 464 3603 altera
498 3559 572 3622 pars
612 3541 829 3604 conclusionis
865 3540 948 3603 facta
981 3544 1038 3618 est,
1074 3535 1184 3600 Cicero

226 3715 254 3781 1)
274 3715 306 3768 de
324 3715 377 3768 inv.
396 3713 432 3779 Π,
451 3718 650 3784 turm-1543
669 3716 760 3784 olr.·p.
780 3720 822 3774 93.

228 3803 254 3874 2)
274 3805 347 3862 Brut.
363 3809 473 3872 51‚190;
493 3807 603 3875 57,2oe;
625 3823 662 3860 or.
682 3812 792 3874 35‚122;
811 3809 921 3874 36,127;
941 3810 1052 3876 37,13o;
1072 3806 1105 3859 de
1117 3807 1185 3871 part.

129 3909 167 3949 or.
187 3901 242 3964 1,3;
262 3901 337 3963 5‚15;
359 3902 449 3965 15‚52;
479 3899 534 3965 top.
553 3899 647 3965 aaa&
675 3899 707 3951 de
726 3914 764 3952 or.
783 3897 818 3964 ΙΙ,
838 3900 918 3962 19,80
937 3901 1026 3953 autem
1043 3899 1188 3964 utrumqne

130 3986 290 4041 vocabulum
310 3989 461 4044 adhibitum
477 3989 608 4044 uidemus.
782 4020 785 4024 ⁸

232 4080 259 4150 3)
280 4081 312 4134 de
330 4081 382 4135 inv.
402 4081 424 4149 I,
443 4083 535 4148 529&
555 4085 664 4149 52,100;
684 4083 716 4135 de
735 4084 805 4150 part.
824 4097 861 4138 or.
881 4084 969 4151 rude.
