2618 4560
515 186 670 258 -e'-

58 379 116 438 aut
137 373 387 436 controversiam
412 372 573 455 appellant
598 392 733 456 eamque
756 372 867 455 tribus,
903 375 957 438 lite
986 380 1043 439 aut
1067 376 1121 439 de·

58 484 246 547 liberatione
270 486 325 544 aut
347 481 733 548 laudationedefiniunt:
770 483 847 546 haec
882 489 990 547 autern
1021 485 1121 548 altera
1163 517 1165 521 ·

59 593 204 675 quaestio
227 590 353 654 infinita
369 595 400 652 et
417 593 522 671 quasi·
532 593 702 675 proposita,
718 593 907 656 consultatio
925 594 1120 659 nominatur.

59 702 251 768 ...11-0...
271 699 352 762 illud
389 699 525 764 alterum
560 720 672 784 genus,
708 701 795 783 quod
831 707 881 765 est
913 701 1122 784 temporibus,

58 812 146 891 locis,
181 813 244 873 reis
273 809 450 889 definitum,
485 809 838 874 obtinent...alterum
872 830 947 875 vero
982 816 1122 874 tautum-

57 921 153 983 modo
176 921 211 982 in
233 920 337 1002 prima
361 923 428 981 arte
451 919 606 982 tradenda
634 921 802 983 nominant
829 925 861 983 et
889 921 1022 985 oratoris
1051 940 1122 984 esse

59 1031 187 1108 dicunt,
225 1029 280 1092 sed
308 1047 415 1110 neque
439 1029 503 1090 vim
529 1046 636 1110 neque
659 1033 807 1093 naturam
836 1031 907 1093 eius
930 1049 990 1093 nec
1013 1036 1122 1116 partes

59 1158 120 1202 nec
142 1157 260 1221 genera
282 1143 475 1220 proponunt,
497 1141 533 1199 ut
556 1138 723 1219 praeteriri
746 1139 877 1202 omnino
900 1139 996 1204 fuerit
1021 1142 1122 1204 satius

60 1267 160 1330 quam
183 1251 372 1311 attentatum
398 1247 531 1312 (101011.α

164 1355 207 1419 Et
229 1375 270 1420 ne
285 1357 365 1419 illud
383 1356 513 1440 quidem
529 1357 656 1420 silentio
672 1359 943 1439 praetereundum
959 1365 1015 1441 est,
1036 1360 1122 1443 quod

58 1467 194 1531 Crassus
218 1467 257 1530 de
281 1486 454 1530 causarum
470 1465 509 1529 ad
528 1467 729 1548 quaestiones
753 1467 955 1530 traductione
979 1470 1123 1550 senserit,

58 1580 212 1659 quoniam
236 1596 334 1659 supra
357 1594 430 1639 eum
456 1576 489 1636 in
512 1575 572 1637 bac
594 1594 629 1638 re
653 1593 722 1638 non·
743 1576 782 1638 ab
799 1577 942 1640 Antonio
967 1575 1123 1640 dissidere

59 1687 396 1764 commemoravimus3
423 1685 504 1747 dixit
519 1685 617 1768 igitur
641 1685 679 1747 de
704 1703 747 1748 or.
764 1683 823 1764 111,
838 1687 889 1768 30,
910 1684 987 1747 12οε
1003 1684 1123 1767 „Orna-

59 1797 204 1863 tissimae
228 1799 305 1858 sunt
321 1795 420 1876 igitur
436 1795 595 1857 orationes
615 1812 678 1875 eae,
696 1813 778 1876 quae
794 1796 949 1859 latissime
966 1801 1125 1878 vagantur

59 1908 132 1966 eta
161 1903 285 1985 privata
320 1922 356 1965 ac
391 1903 552 1985 singulari
586 1906 804 1968 controversia
838 1923 872 1968 se
907 1904 946 1967 ad
980 1906 1126 1968 universi

59 2013 187 2094 generis
219 2014 285 2074 vim
310 2011 531 2095 explicandam
565 2010 740 2076 conferunt
774 2018 805 2075 et
839 2015 1126 2078 convertunt....“

166 2121 282 2205 Itaque
306 2123 456 2186 videmus
472 2120 624 2184 Crassum
647 2121 807 2184 infinitam
832 2121 1036 2204 eloquentiae
1059 2141 1126 2184 rna-

59 2234 184 2314 teriam,
205 2234 225 2294 i.
250 2252 277 2298 e.
303 2250 414 2295 omnes
438 2232 642 2313 quaestiones
667 2239 698 2294 et
719 2231 860 2294 infinitas
884 2236 915 2294 et
937 2230 1055 2310 finitas,
1085 2230 1124 2291 ab

61 2341 240 2405 oratoribus
257 2331 385 2405 tractari
404 2342 558 2410 voluisse
584 2358 723 2422 eumque
747 2341 806 2403 hac
830 2340 868 2402 de
888 2358 923 2403 re
939 2361 958 2403 a
974 2338 1126 2403 Cicerone

59 2471 126 2513 non
150 2451 349 2532 dissensisse,
383 2450 531 2534 pluribus
567 2470 609 2514 ex
635 2450 715 2514 locis
740 2469 852 2514 eorurn
875 2449 1030 2514 librorum
1056 2451 1127 2514 rhe-

59 2562 244 2638 toricorum,
281 2580 362 2645 quos
397 2562 451 2624 ille
485 2566 556 2644 post
589 2560 689 2624 libros
725 2561 782 2642 „de
811 2561 952 2624 oratore“
989 2562 1126 2642 scripsit,

58 2671 152 2733 facile
175 2671 361 2755 intellegere
379 2690 561 2754 possumus.
609 2669 661 2734 Sic
684 2671 775 2758 Brut.
804 2671 853 2746 93,
881 2671 945 2734 322
969 2670 1031 2734 sibi
1054 2673 1126 2753 ipsi,

61 2780 139 2861 quia
171 2782 418 2845 controversiam
455 2802 473 2844 a
507 2781 644 2862 propriis
677 2781 825 2860 personis
856 2799 892 2842 ac
927 2779 1126 2860 temporibus

62 2894 236 2972 avocasset,
270 2892 331 2954 hac
354 2891 480 2953 ratione
503 2889 632 2952 laudem
656 2887 778 2950 tribuit:
808 2905 920 2968 „nemo
950 2885 1010 2972 [sc.
1035 2885 1125 2970 011111,

64 2999 124 3079 qui
158 2997 288 3063 dilatare
323 3004 429 3082 posset
463 3004 559 3080 atque
592 3017 612 3060 a
639 2998 768 3080 propria
798 3016 835 3060 ac
858 2996 989 3060 definita
1017 2997 1126 3079 dispu-

62 3109 184 3172 tatione
207 3110 348 3177 hominis
377 3128 414 3172 ac
436 3109 589 3192 temporis
613 3108 654 3170 ad
677 3125 881 3170 communem
906 3110 1126 3189 quaestionem

62 3219 208 3282 universi
242 3220 371 3303 generis
406 3220 582 3285 orationem
620 3216 812 3280 1101100010.ιι
874 3216 982 3298 Atque
1016 3215 1128 3278 eadem

63 3346 194 3410 quoque
226 3331 342 3393 oratori
374 3348 501 3393 summo
525 3334 556 3391 et
578 3327 716 3410 perfecto
747 3325 893 3389 facienda
927 3344 995 3389 esse
1019 3324 1129 3388 existi·

63 3438 166 3500 mavit
188 3457 231 3502 or.
258 3439 307 3522 14,
331 3441 383 3520 45,
409 3457 472 3520 quo
496 3439 564 3500 loco
589 3437 730 3520 scripsit:
767 3484 784 3517 ‚,
878 3433 997 3518 quibus
1021 3437 1058 3494 ut
1080 3432 1129 3493 uti

62 3548 165 3631 possit
188 3554 301 3630 orator,
324 3569 389 3612 non
413 3549 467 3611 1110
491 3547 643 3629 vulgaris,
667 3545 724 3609 sed
747 3546 799 3608 bio
823 3534 993 3624 excellens,
1016 3561 1034 3603 a
1057 3557 1129 3622 pro-

62 3659 143 3741 priis
169 3661 315 3741 personis
350 3664 382 3722 et
415 3657 613 3743 temporibus
649 3673 783 3738 semper,
817 3655 846 3717 si
869 3656 981 3737 potest,
1017 3653 1129 3713 avocat

18 3821 25 3827 .
64 3769 352 3848 controversiam;“
383 3773 415 3832 et
448 3764 598 3830 similiter
632 3785 668 3829 ea
703 3761 860 3848 expressit
873 3782 935 3874 pr.
961 3762 1013 3838 36,
1046 3759 1127 3821 126;

65 3877 250 3962 „Quidquid
276 3885 324 3943 est
351 3881 437 3943 enirn
466 3878 556 3959 illud,
590 3879 624 3939 in
660 3895 723 3958 quo
760 3875 853 3956 quasi
885 3875 1045 3936 certamen
1081 3876 1130 3934 est

65 3991 313 4071 controversiae,
337 3988 424 4072 quod
446 4006 560 4071 graece
583 3980 772 4070 κρινόμενον
796 3982 923 4063 dicitur,
943 3983 976 4045 id
1000 3983 1044 4045 ita
1067 3980 1131 4044 dici
