2618 4560
556 258 731 319 ..81-

117 436 261 516 spectant
295 450 360 496 non
383 432 492 496 minus
516 433 555 497 de
579 454 622 497 or.
645 434 687 518 ΙΙ,
712 435 770 516 61,
789 435 850 496 175
876 439 907 499 et
929 439 993 520 top.
1018 437 1046 517 2,
1073 437 1100 517 7,
1124 437 1180 500 ubi

117 543 224 606 eadem
249 542 461 624 postulantur,
484 562 567 626 quae
591 544 669 608 locis
693 549 767 608 ante
789 542 966 630 peractis.¹)

218 649 266 713 Ea
291 656 398 714 autem
421 658 619 735 argumenta,
644 673 726 737 quae
750 657 857 718 orator
874 653 1009 734 invenit,
1026 651 1180 717 ordinan-

116 761 153 824 da
176 778 237 823 neo
261 761 331 824 sinc
354 757 506 844 iudici02)
530 761 712 826 adhibenda
736 782 805 828 esse
827 782 884 846 per
908 783 941 827 se
964 763 1177 846 intellegitur3

115 870 326 947 nihilominus
351 868 462 934 Cicero
486 870 518 933 id
535 872 694 954 imprimis
716 873 886 956 praecepit,
909 891 984 936 cum
1009 873 1047 936 de
1070 874 1136 938 inv,
1154 873 1180 955 Ι,

117 982 165 1063 30,
191 980 232 1042 50
268 981 417 1061 „inventa
449 981 599 1043 exornari
633 985 664 1044 et
687 986 790 1045 certas
813 982 848 1043 in
871 988 979 1065 partes
1004 982 1179 1064 distingui“

115 1090 289 1172 postularet
322 1094 353 1152 et
388 1090 426 1153 de
449 1094 529 1172 part.
554 1109 598 1152 or.
623 1092 651 1172 3,
676 1089 696 1154 8
719 1091 877 1154 iudicium
900 1096 1068 1175 propterea
1091 1092 1179 1154 adhi·
1292 1165 1295 1171 ι

115 1200 256 1263 bendum
280 1218 349 1263 osse
362 1199 490 1280 diceret,
513 1203 569 1281 „ut
580 1199 663 1262 levia
675 1218 802 1285 sempor
815 1201 1003 1279 eicerentur,
1027 1221 1178 1265 nonnun-

117 1329 211 1392 quam
247 1309 341 1372 etiam
367 1310 551 1372 communia
573 1310 904 1391 praetermitterentur
927 1315 958 1374 et
980 1330 1045 1374 non
1069 1329 1181 1374 neces-

116 1415 250 1496 saria.“³l

425 1548 453 1590 a.
478 1529 531 1591 Da
554 1526 861 1592 confirmatione.

221 1637 364 1702 Maxime
394 1638 511 1700 oratori
544 1636 577 1698 id
606 1636 804 1700 studendum
833 1642 888 1719 est,
917 1640 952 1700 ut
980 1635 1179 1701 auditoribus

118 1747 307 1830 persuadeat
337 1746 376 1810 ab
405 1748 510 1829 iisque
540 1746 657 1825 omnia,
687 1764 904 1828 quaecunque
937 1747 1062 1829 dixerit,
1095 1766 1180 1809 oom-

118 1855 307 1938 probentu13
336 1856 369 1918 id
396 1853 562 1938 perficitur
592 1854 844 1935 confirmatione,
875 1875 932 1940 per
960 1876 1069 1939 quam,
1097 1857 1182 1920 siout

121 1963 225 2030 Cicero
260 1966 299 2028 de
330 1965 398 2029 inv.
427 1963 452 2046 Ι,
481 1965 534 2046 24,
546 1965 588 2025 34
622 1965 713 2046 dixit,
746 1967 1020 2048 „argumentando
1053 1968 1181 2029 nostrae

120 2092 230 2138 causae
259 2074 358 2137 fidem
387 2077 417 2137 et
449 2075 670 2136 auctoritatem
704 2079 734 2136 et
761 2073 1002 2138 firmamentum
1032 2075 1182 2157 adiungit

123 2183 268 2259 oratiofl
299 2181 362 2246 Sed
397 2202 461 2264 quo
493 2182 629 2246 celerius
662 2189 693 2245 et
725 2182 987 2246 facilius'orator
1019 2201 1064 2262 ea,
1097 2201 1180 2264 quae

123 2293 291 2373 contendit,
325 2290 515 2354 confirmare
548 2293 659 2374 possit,
692 2290 801 2355 Cicero
835 2297 938 2356 certos
969 2292 1066 2374 locoS,
1099 2311 1181 2373 quos

125 2418 215 2484 supra
238 2402 302 2463 iam
327 2402 501 2484 attigimus,
525 2420 651 2465 summa
664 2421 743 2464 cura
760 2403 942 2485 explicavit,
961 2421 1042 2482 quos
1061 2420 1183 2481 omneS,

126 2513 173 2592 qui
208 2510 249 2574 ad
282 2510 454 2573 dicendum
488 2511 654 2591 accedunt,
685 2512 815 2595 penitus
843 2516 1008 2597 perceptos
1037 2515 1068 2574 et
1096 2529 1180 2573 com-

125 2621 291 2700 prehensos
311 2618 431 2694 habere
454 2638 586 2682 necessa
610 2624 666 2682 est.

211 2707 312 2804 'Quos
336 2729 423 2792 locos
447 2728 486 2791 de
509 2730 576 2792 inv.
604 2728 629 2810 Ι,
655 2730 706 2807 24,
721 2731 763 2791 34
787 2749 877 2813 sequ.
907 2732 938 2793 in
972 2731 1036 2793 duo
1063 2749 1181 2812 genera

127 2835 235 2919 divisit,
259 2857 397 2921 quorum
422 2838 558 2900 alterum
589 2857 631 2900 cx
653 2857 874 2920 personarum,
898 2839 1035 2902 alterum
1060 2856 1102 2900 ex
1124 2856 1179 2900 ne·

126 2950 278 3026 gottorum
301 2946 463 3009 attributis
488 2951 620 3011 constat.
668 2945 719 3009 Ad
743 2966 897 3030 personas
921 2953 1029 3010 autem
1053 2965 1181 3026 nomen,

126 3061 275 3137 naturam,
299 3056 429 3136 victum,
452 3055 627 3135 fortunam,
648 3054 805 3138 habitum,
828 3056 1037 3138 affectionem,
1066 3057 1182 3136 studia,

127 3167 260 3246 consilia,
283 3165 375 3244 facta,
388 3183 491 3245 casus,
515 3162 703 3248 orationes4)
727 3166 888 3248 pertinere
912 3165 1005 3247 dixit,
1029 3184 1108 3247 quas
1131 3184 1182 3228 res

127 3287 235 3357 magna
256 3274 417 3337 industria
441 3279 472 3336 et
495 3274 683 3337 assiduitate
707 3274 889 3337 declaravit.
937 3273 1001 3338 Sed
1028 3275 1100 3337 illas
1129 3274 1182 3336 de·

65 3454 67 3459 ¹
127 3376 283 3447 finitiones
306 3384 479 3466 praeterire
501 3383 613 3465 placet,
637 3403 767 3445 nam—
781 3385 957 3446 utiterum
982 3384 1183 3447 dicamus—

127 3517 328 3535 *Q*—

65 3622 67 3651 :
221 3592 247 3662 1)
267 3592 322 3647 Alii
349 3593 409 3658 loci,
439 3593 487 3647 ubi
504 3593 537 3648 dc
555 3592 675 3647 locorum
694 3594 820 3665 utilitato,
847 3595 991 3664 gravitate,
1021 3592 1182 3648 necessitate

65 3688 68 3779 i
128 3679 214 3833 pilipp,
243 3687 319 3739 sunt:
346 3685 380 3738 de
400 3700 435 3738 or.
454 3684 491 3756 Il,
522 3688 739 3756 34‚146-147;
781 3690 836 3755 top.
857 3691 898 3753 17,
919 3691 966 3749 663
1012 3701 1050 3742 or.
1070 3682 1112 3751 14,
1132 3688 1182 3748 44;

159 3813 164 3838 ,
216 3821 247 3936 ’2)
268 3868 315 3923 cfr.
335 3883 371 3923 or.
392 3868 434 3933 15,
452 3871 501 3932 48;
535 3868 567 3921 do
585 3883 623 3924 or.
641 3866 676 3931 Il,
696 3871 738 3932 76,
758 3869 817 3923 309.

222 3961 249 4027 3)
268 3959 314 4019 olr.
334 3960 367 4013 de
385 3976 422 4014 or.
441 3959 478 4024 Π,
498 3963 541 4024 41,
562 3962 627 4025 175;
654 3960 710 4026 top.
730 3962 753 4022 2,
773 3960 799 4012 6.

221 4051 247 4122 4)
267 4051 314 4106 cir.
334 4051 366 4104 de
385 4051 439 4105 inv.
459 4050 494 4116 ΙΙ,
513 4053 655 4120 eas-31.
