2686 4560
545 272 723 334 -79-

101 444 282 529 partitione,
316 445 364 510 sic
399 447 511 511 ordine
539 450 735 532 transigatur
762 452 793 511 et
820 448 972 511 omnibus
1000 446 1167 529 explicatis

101 561 286 638 peroratum
311 558 353 620 sit
384 554 461 642 [hoc
483 554 601 644 modo],
636 578 659 620 u
696 557 838 640 nequid
863 558 1021 641 posterius
1044 561 1168 638 praeter

101 667 340 729 conclusionem
365 666 550 730 inferatur.“

210 772 258 838 De
287 776 409 859 origine
433 776 572 858 denique
606 777 704 840 huius
736 776 834 859 partis
864 774 903 837 de
936 776 1073 857 eiusque
1103 794 1167 837 usu

101 884 190 968 apud
215 890 355 949 oratores
377 886 494 949 latinos
518 905 582 948 non
605 887 777 949 mediocria
801 903 870 947 esse
892 889 1054 966 putamus,
1084 903 1168 966 quae

103 992 215 1057 Cicero
239 993 330 1057 Brut.
355 993 406 1077 87,
431 996 494 1058 302
520 995 663 1058 tradidit:
698 994 909 1057 Hortensium
934 997 1074 1075 primum
1098 1014 1168 1077 par·

101 1104 242 1186 titiones,
265 1103 384 1186 quibus
408 1104 447 1168 de
470 1104 567 1168 rebus
590 1104 736 1167 dicturus
760 1108 852 1182 esset,
877 1103 1032 1167 attulisse.

395 1245 424 1308 4.
458 1247 514 1308 De
538 1247 881 1328 argumentatione.

210 1351 256 1416 Ut
278 1354 384 1434 graeci
408 1355 560 1434 rhetores,
583 1356 628 1417 ita
652 1353 762 1417 Cicero
787 1375 916 1437 quoque
939 1356 973 1417 in
996 1373 1169 1437 argumen-

102 1463 256 1524 tationem
281 1463 351 1524 sive
370 1461 630 1543 adprobandum
652 1463 874 1526 iaciendamve
892 1463 988 1528 fidem
1005 1484 1170 1527 summum

103 1570 246 1635 laborem
269 1569 435 1654 impendit,
467 1591 561 1654 quem
590 1573 763 1655 praecipue
790 1573 824 1633 in
853 1571 944 1636 libris
974 1573 1032 1655 „de
1055 1575 1170 1636 inven-

103 1683 208 1744 tione“
232 1681 526 1760 animadvertimus,
550 1682 680 1743 cumin
704 1682 745 1743 iis
770 1679 965 1744 Graecorum
992 1701 1086 1765 opera
1110 1682 1170 1745 sibi

102 1791 251 1873 exempla
274 1791 500 1873 proposuisset,
520 1810 537 1854 o
561 1790 683 1873 quibus
706 1791 988 1871 „commodissime
1004 1797 1171 1874 praecepta

103 1900 459 1982 excellentissimaque“
499 1897 695 1983 excerpsit.¹)
758 1897 866 1973 Quare
909 1900 942 1961 in
982 1903 1022 1963 iis
1061 1920 1171 1964 omnes

103 2015 212 2092 partes
237 2009 474 2091 particulasqua
506 2010 658 2088 locorum,
695 2028 835 2091 quorum
874 2015 981 2073 orator
1013 2013 1046 2072 in
1079 2031 1172 2094 argu·

104 2118 279 2180 mentando
314 2117 447 2198 indiget,
484 2119 722 2181 accuratissime
761 2120 969 2201 maximaque
1005 2120 1170 2201 diligentia

103 2229 265 2311 exposuit,
301 2246 375 2289 cum
404 2245 457 2289 eas
486 2228 518 2289 in
552 2228 622 2290 aliis
656 2229 783 2308 scriptis
807 2228 972 2290 rhetoricis
996 2247 1168 2310 nusquam,

105 2339 135 2399 si
176 2335 314 2418 „topica‘t
357 2338 573 2419 excipiuntur,
618 2336 726 2413 simili,
772 2336 893 2399 nedum
939 2337 1008 2421 pari
1046 2338 1170 2400 ratione

103 2445 290 2527 explicaret.

212 2556 458 2636 Argumentatio
483 2553 627 2618 Ciceroni
652 2555 781 2633 videtur
805 2573 875 2618 esse
898 2556 1087 2636 „inventum
1111 2556 1170 2618 ali·

101 2683 171 2748 quo
206 2684 248 2727 ex
281 2682 397 2747 genere
425 2682 493 2726 rem
516 2665 659 2747 aliquam
684 2671 739 2728 aut
761 2664 968 2748 probabiliter
993 2665 1169 2728 ostendens

104 2780 164 2838 aut
196 2774 374 2837 necessarie
398 2771 684 2857 demonstrans‘ffl)
742 2773 874 2837 Constat
899 2779 1007 2837 autem
1031 2794 1072 2837 ex
1096 2793 1171 2836 con-

101 2884 284 2950 firmatione
307 2888 338 2946 et
360 2884 615 2965 reprehensione,
647 2903 730 2963 quas
749 2884 782 2944 in
806 2884 908 2965 primo
933 2881 1089 2944 librorum
1115 2882 1172 2963 „de

99 2994 312 3057 inventiono“
352 2993 522 3074 separatim
558 3012 577 3053 a
601 2991 752 3056 Cicerone
781 2995 988 3074 pertractatas
1012 2991 1173 3074 videmuS,

102 3122 306 3186 quamquam
329 3102 399 3183 ipse
424 3101 463 3163 de
486 3102 552 3165 inv.
576 3101 602 3183 Ι,
625 3103 677 3183 42,
703 3102 743 3164 78
769 3102 853 3164 dixit
876 3102 1016 3182 aliquam
1040 3119 1108 3163 rem
1132 3119 1173 3164 ex

100 3211 223 3276 iisdem
259 3211 337 3274 locis
371 3216 402 3272 et
437 3210 619 3273 confirmari
655 3216 685 3273 et
718 3210 874 3291 infirmari
897 3228 990 3292 posse
1014 3218 1110 3290 atque
1134 3208 1173 3271 de

99 3322 356 3404 reprohensione
390 3322 518 3401 propria
552 3325 721 3402 praecepta
759 3320 833 3383 dare
867 3339 932 3381 non
978 3319 1072 3381 modo
1108 3336 1173 3379 non

100 3431 340 3510 necessarium,
376 3429 432 3491 sed
468 3447 743 3511 supervacaneum
779 3448 849 3492 esse
881 3424 1019 3511 sensit.³)
1068 3425 1173 3502 Quare

100 3544 218 3625 postea
242 3558 296 3602 eas
318 3540 404 3601 inter
428 3558 462 3601 se
487 3540 659 3602 coniunxit
689 3544 720 3602 et
742 3540 805 3601 iam
830 3540 863 3600 in
888 3539 986 3601 altero
1010 3536 1092 3599 libro
1117 3536 1173 3617 „de

98 3665 322 3677 ν*-

216 3719 243 3778 1)
261 3715 294 3767 do
312 3715 366 3768 inv.
386 3714 422 3780 Il,
444 3720 467 3781 2,
486 3720 511 3770 4.

215 3807 243 3874 2)
261 3805 294 3859 do
313 3805 369 3861 inv.
388 3807 411 3875 1,
429 3812 471 3866 29,
491 3812 539 3874 443
571 3806 705 3860 simillimo
725 3807 757 3858 de
775 3805 830 3857 inu.
850 3803 871 3869 1,
891 3804 934 3869 40,
953 3808 995 3859 74.

214 3896 241 3966 3)
261 3897 294 3950 do
311 3897 367 3957 inv.
386 3903 406 3967 Ι,
425 3905 469 3970 42,
490 3903 539 3956 78:
570 3896 788 3963 „Verumtamcm
820 3899 850 3948 ut
869 3896 1001 3963 quaedam
1021 3894 1174 3963 praeceptio

97 3991 187 4045 detur
203 3989 282 4043 huius
302 4006 407 4060 quoqne
425 3992 511 4060 partis
531 3991 579 4060 [sc
590 3988 825 4057 reprehensionisl,
845 4003 1006 4056 exponemus
1028 3987 1119 4040 modos
1131 4001 1173 4038 rc-

96 4080 319 4153 prehensionis.“
