<?xml version="1.0" encoding="UTF-8"?>
<!DOCTYPE html PUBLIC "-//W3C//DTD XHTML 1.0 Transitional//EN"
    "http://www.w3.org/TR/xhtml1/DTD/xhtml1-transitional.dtd">
<html xmlns="http://www.w3.org/1999/xhtml" xml:lang="en" lang="en">
 <head>
  <title>
</title>
<meta http-equiv="Content-Type" content="text/html;charset=utf-8" />
  <meta name='ocr-system' content='tesseract 3.04.00' />
  <meta name='ocr-capabilities' content='ocr_page ocr_carea ocr_par ocr_line ocrx_word'/>
</head>
<body>
  <div class='ocr_page' id='page_1' title='image "./deciceronisdoct00heingoog_0107.png"; bbox 0 0 2618 4560; ppageno 0'>
   <div class='ocr_carea' id='block_1_1' title="bbox 624 241 801 305">
    <p class='ocr_par' dir='ltr' id='par_1_1' title="bbox 624 241 801 305">
     <span class='ocr_line' id='line_1_1' title="bbox 624 241 801 305; baseline 0 -17"><span class='ocrx_word' id='word_1_1' title='bbox 624 241 801 305; x_wconf 60' lang='lat'>..98-</span> 
     </span>
    </p>
   </div>
   <div class='ocr_carea' id='block_1_2' title="bbox 182 417 1247 940">
    <p class='ocr_par' dir='ltr' id='par_1_2' title="bbox 182 417 1247 940">
     <span class='ocr_line' id='line_1_2' title="bbox 182 417 1247 505; baseline -0.002 -20"><span class='ocrx_word' id='word_1_2' title='bbox 182 421 334 505; x_wconf 87' lang='lat' dir='ltr'>negotiali</span> <span class='ocrx_word' id='word_1_3' title='bbox 358 418 396 482; x_wconf 94' lang='lat' dir='ltr'>de</span> <span class='ocrx_word' id='word_1_4' title='bbox 420 419 489 481; x_wconf 88' lang='lat' dir='ltr'>iure</span> <span class='ocrx_word' id='word_1_5' title='bbox 512 417 647 499; x_wconf 89' lang='lat' dir='ltr'>eiusque</span> <span class='ocrx_word' id='word_1_6' title='bbox 671 419 816 502; x_wconf 87' lang='lat' dir='ltr'>partibus</span> <span class='ocrx_word' id='word_1_7' title='bbox 833 418 949 500; x_wconf 91' lang='lat' dir='ltr'>docuit,</span> <span class='ocrx_word' id='word_1_8' title='bbox 975 437 1013 482; x_wconf 86' lang='lat' dir='ltr'>ea</span> <span class='ocrx_word' id='word_1_9' title='bbox 1035 418 1185 483; x_wconf 90' lang='lat' dir='ltr'>similiter</span> <span class='ocrx_word' id='word_1_10' title='bbox 1209 421 1247 484; x_wconf 93' lang='lat' dir='ltr'>de</span> 
     </span>
     <span class='ocr_line' id='line_1_3' title="bbox 182 528 1247 614; baseline -0.002 -20"><span class='ocrx_word' id='word_1_11' title='bbox 182 535 262 614; x_wconf 89' lang='lat' dir='ltr'>part.</span> <span class='ocrx_word' id='word_1_12' title='bbox 296 550 341 594; x_wconf 92' lang='lat' dir='ltr'>or.</span> <span class='ocrx_word' id='word_1_13' title='bbox 376 528 505 609; x_wconf 78' lang='lat'>37,129</span> <span class='ocrx_word' id='word_1_14' title='bbox 545 545 635 609; x_wconf 90' lang='lat' dir='ltr'>sequ.</span> <span class='ocrx_word' id='word_1_15' title='bbox 676 530 881 612; x_wconf 80' lang='lat' dir='ltr'><strong>praescripsit</strong></span> <span class='ocrx_word' id='word_1_16' title='bbox 920 532 951 592; x_wconf 88' lang='lat' dir='ltr'>et</span> <span class='ocrx_word' id='word_1_17' title='bbox 984 528 1168 611; x_wconf 90' lang='lat' dir='ltr'>postulavit,</span> <span class='ocrx_word' id='word_1_18' title='bbox 1210 535 1247 592; x_wconf 93' lang='lat' dir='ltr'>ut</span> 
     </span>
     <span class='ocr_line' id='line_1_4' title="bbox 183 638 1244 720; baseline 0.001 -18"><span class='ocrx_word' id='word_1_19' title='bbox 183 644 289 704; x_wconf 89' lang='lat' dir='ltr'>orator</span> <span class='ocrx_word' id='word_1_20' title='bbox 323 658 361 703; x_wconf 85' lang='lat' dir='ltr'>ea</span> <span class='ocrx_word' id='word_1_21' title='bbox 393 656 521 720; x_wconf 90' lang='lat' dir='ltr'>semper</span> <span class='ocrx_word' id='word_1_22' title='bbox 543 639 698 702; x_wconf 89' lang='lat' dir='ltr'>memoria</span> <span class='ocrx_word' id='word_1_23' title='bbox 721 639 906 703; x_wconf 82' lang='lat' dir='ltr'>custodiret.</span> <span class='ocrx_word' id='word_1_24' title='bbox 952 638 1070 701; x_wconf 88' lang='lat' dir='ltr'>Divisit</span> <span class='ocrx_word' id='word_1_25' title='bbox 1093 642 1201 702; x_wconf 88' lang='lat' dir='ltr'>autem</span> <span class='ocrx_word' id='word_1_26' title='bbox 1224 639 1244 703; x_wconf 92' lang='lat' dir='ltr'>l.</span> 
     </span>
     <span class='ocr_line' id='line_1_5' title="bbox 182 746 1246 830; baseline -0.005 -17"><span class='ocrx_word' id='word_1_27' title='bbox 182 769 209 815; x_wconf 90' lang='lat' dir='ltr'>c.</span> <span class='ocrx_word' id='word_1_28' title='bbox 234 751 286 812; x_wconf 91' lang='lat' dir='ltr'>ius</span> <span class='ocrx_word' id='word_1_29' title='bbox 310 751 344 811; x_wconf 93' lang='lat' dir='ltr'>in</span> <span class='ocrx_word' id='word_1_30' title='bbox 368 752 517 811; x_wconf 89' lang='lat' dir='ltr'>naturam</span> <span class='ocrx_word' id='word_1_31' title='bbox 542 751 639 829; x_wconf 91' lang='lat' dir='ltr'>atque</span> <span class='ocrx_word' id='word_1_32' title='bbox 658 747 772 829; x_wconf 87' lang='lat' dir='ltr'>legem,</span> <span class='ocrx_word' id='word_1_33' title='bbox 805 755 981 830; x_wconf 85' lang='lat' dir='ltr'>utramque</span> <span class='ocrx_word' id='word_1_34' title='bbox 1005 746 1121 810; x_wconf 89' lang='lat' dir='ltr'>deiude</span> <span class='ocrx_word' id='word_1_35' title='bbox 1144 747 1177 808; x_wconf 93' lang='lat' dir='ltr'>in</span> <span class='ocrx_word' id='word_1_36' title='bbox 1203 747 1246 808; x_wconf 91' lang='lat' dir='ltr'>di·</span> 
     </span>
     <span class='ocr_line' id='line_1_6' title="bbox 182 857 1244 940; baseline -0.002 -20"><span class='ocrx_word' id='word_1_37' title='bbox 182 860 296 921; x_wconf 85' lang='lat' dir='ltr'>vinum</span> <span class='ocrx_word' id='word_1_38' title='bbox 320 862 352 922; x_wconf 89' lang='lat' dir='ltr'>et</span> <span class='ocrx_word' id='word_1_39' title='bbox 374 858 553 919; x_wconf 89' lang='lat' dir='ltr'>humanum</span> <span class='ocrx_word' id='word_1_40' title='bbox 576 857 629 919; x_wconf 90' lang='lat' dir='ltr'>ius</span> <span class='ocrx_word' id='word_1_41' title='bbox 646 857 714 919; x_wconf 85' lang='lat' dir='ltr'>sive</span> <span class='ocrx_word' id='word_1_42' title='bbox 730 858 765 918; x_wconf 93' lang='lat' dir='ltr'>in</span> <span class='ocrx_word' id='word_1_43' title='bbox 781 857 970 940; x_wconf 83' lang='lat' dir='ltr'>religionem</span> <span class='ocrx_word' id='word_1_44' title='bbox 987 859 1018 920; x_wconf 91' lang='lat' dir='ltr'>et</span> <span class='ocrx_word' id='word_1_45' title='bbox 1034 857 1244 938; x_wconf 89' lang='lat' dir='ltr'>aequitatem;</span> 
     </span>
    </p>
   </div>
   <div class='ocr_carea' id='block_1_3' title="bbox 181 1072 1243 1379">
    <p class='ocr_par' dir='ltr' id='par_1_3' title="bbox 181 1072 1243 1379">
     <span class='ocr_line' id='line_1_7' title="bbox 181 1072 1243 1169; baseline -0.005 -28"><span class='ocrx_word' id='word_1_46' title='bbox 181 1097 264 1155; x_wconf 89' lang='lat' dir='ltr'>eam,</span> <span class='ocrx_word' id='word_1_47' title='bbox 300 1095 400 1159; x_wconf 88' lang='lat' dir='ltr'>„quae</span> <span class='ocrx_word' id='word_1_48' title='bbox 435 1074 505 1137; x_wconf 91' lang='lat' dir='ltr'>sine</span> <span class='ocrx_word' id='word_1_49' title='bbox 528 1072 643 1139; x_wconf 86' lang='lat' dir='ltr'>litteris</span> <span class='ocrx_word' id='word_1_50' title='bbox 667 1079 722 1138; x_wconf 90' lang='lat' dir='ltr'>aut</span> <span class='ocrx_word' id='word_1_51' title='bbox 744 1076 888 1157; x_wconf 88' lang='lat' dir='ltr'>gentium</span> <span class='ocrx_word' id='word_1_52' title='bbox 911 1075 983 1139; x_wconf 90' lang='lat' dir='ltr'>iure</span> <span class='ocrx_word' id='word_1_53' title='bbox 1007 1077 1064 1136; x_wconf 89' lang='lat' dir='ltr'>aut</span> <span class='ocrx_word' id='word_1_54' title='bbox 1086 1075 1243 1169; x_wconf 74' lang='lat' dir='ltr'>maiorum</span> 
     </span>
     <span class='ocr_line' id='line_1_8' title="bbox 181 1183 1243 1268; baseline -0.003 -19"><span class='ocrx_word' id='word_1_55' title='bbox 181 1205 270 1249; x_wconf 88' lang='lat' dir='ltr'>more</span> <span class='ocrx_word' id='word_1_56' title='bbox 292 1183 499 1264; x_wconf 80' lang='lat' dir='ltr'>retinentur,“</span> <span class='ocrx_word' id='word_1_57' title='bbox 533 1202 673 1265; x_wconf 91' lang='lat' dir='ltr'>quarum</span> <span class='ocrx_word' id='word_1_58' title='bbox 696 1189 802 1268; x_wconf 90' lang='lat' dir='ltr'>partes</span> <span class='ocrx_word' id='word_1_59' title='bbox 825 1185 886 1247; x_wconf 91' lang='lat' dir='ltr'>hoo</span> <span class='ocrx_word' id='word_1_60' title='bbox 909 1185 979 1247; x_wconf 91' lang='lat' dir='ltr'>looo</span> <span class='ocrx_word' id='word_1_61' title='bbox 1002 1184 1156 1266; x_wconf 84' lang='lat' dir='ltr'>persequi</span> <span class='ocrx_word' id='word_1_62' title='bbox 1179 1202 1243 1246; x_wconf 89' lang='lat' dir='ltr'>nou</span> 
     </span>
     <span class='ocr_line' id='line_1_9' title="bbox 181 1291 642 1379; baseline -0.004 -21"><span class='ocrx_word' id='word_1_63' title='bbox 181 1314 262 1379; x_wconf 93' lang='lat' dir='ltr'>opus</span> <span class='ocrx_word' id='word_1_64' title='bbox 286 1313 356 1358; x_wconf 87' lang='lat' dir='ltr'>esse</span> <span class='ocrx_word' id='word_1_65' title='bbox 379 1291 642 1376; x_wconf 75' lang='lat' dir='ltr'>existimamus1)</span> 
     </span>
    </p>
   </div>
   <div class='ocr_carea' id='block_1_4' title="bbox 287 1421 1243 1506">
    <p class='ocr_par' dir='ltr' id='par_1_4' title="bbox 287 1421 1243 1506">
     <span class='ocr_line' id='line_1_10' title="bbox 287 1421 1243 1506; baseline -0.001 -20"><span class='ocrx_word' id='word_1_66' title='bbox 287 1424 362 1486; x_wconf 87' lang='lat' dir='ltr'>Alia</span> <span class='ocrx_word' id='word_1_67' title='bbox 395 1441 471 1487; x_wconf 91' lang='lat' dir='ltr'>vero</span> <span class='ocrx_word' id='word_1_68' title='bbox 507 1421 617 1487; x_wconf 82' lang='lat' dir='ltr'>Cicero</span> <span class='ocrx_word' id='word_1_69' title='bbox 647 1428 710 1506; x_wconf 88' lang='lat' dir='ltr'>top.</span> <span class='ocrx_word' id='word_1_70' title='bbox 736 1424 787 1503; x_wconf 83' lang='lat'>23,</span> <span class='ocrx_word' id='word_1_71' title='bbox 801 1423 932 1486; x_wconf 83' lang='lat'>89-90</span> <span class='ocrx_word' id='word_1_72' title='bbox 957 1423 1126 1506; x_wconf 89' lang='lat' dir='ltr'>praecepit.</span> <span class='ocrx_word' id='word_1_73' title='bbox 1172 1422 1243 1486; x_wconf 82' lang='lat' dir='ltr'>illic</span> 
     </span>
    </p>
   </div>
   <div class='ocr_carea' id='block_1_5' title="bbox 75 1531 1244 1618">
    <p class='ocr_par' dir='ltr' id='par_1_5' title="bbox 75 1531 1244 1618">
     <span class='ocr_line' id='line_1_11' title="bbox 75 1531 1244 1618; baseline 0.001 -22"><span class='ocrx_word' id='word_1_74' title='bbox 75 1606 82 1618; x_wconf 28' lang='grc' dir='ltr'><strong>ι</strong></span> <span class='ocrx_word' id='word_1_75' title='bbox 184 1535 328 1596; x_wconf 92' lang='lat' dir='ltr'>enimin</span> <span class='ocrx_word' id='word_1_76' title='bbox 353 1533 505 1616; x_wconf 77' lang='lat' dir='ltr'>qualitate</span> <span class='ocrx_word' id='word_1_77' title='bbox 530 1534 569 1596; x_wconf 87' lang='lat' dir='ltr'>ad</span> <span class='ocrx_word' id='word_1_78' title='bbox 593 1533 655 1596; x_wconf 89' lang='lat' dir='ltr'>tria</span> <span class='ocrx_word' id='word_1_79' title='bbox 677 1532 732 1595; x_wconf 88' lang='lat' dir='ltr'>illa</span> <span class='ocrx_word' id='word_1_80' title='bbox 754 1551 883 1614; x_wconf 84' lang='lat' dir='ltr'>genera,</span> <span class='ocrx_word' id='word_1_81' title='bbox 911 1531 1166 1609; x_wconf 87' lang='lat' dir='ltr'>deliberativum,</span> <span class='ocrx_word' id='word_1_82' title='bbox 1191 1533 1244 1597; x_wconf 90' lang='lat' dir='ltr'>de·</span> 
     </span>
    </p>
   </div>
   <div class='ocr_carea' id='block_1_6' title="bbox 178 1638 1244 2927">
    <p class='ocr_par' dir='ltr' id='par_1_6' title="bbox 178 1638 1244 2927">
     <span class='ocr_line' id='line_1_12' title="bbox 184 1638 1243 1725; baseline -0.001 -19"><span class='ocrx_word' id='word_1_83' title='bbox 184 1643 442 1722; x_wconf 83' lang='lat' dir='ltr'>monstrativum,</span> <span class='ocrx_word' id='word_1_84' title='bbox 476 1638 628 1705; x_wconf 89' lang='lat' dir='ltr'>iudiciale</span> <span class='ocrx_word' id='word_1_85' title='bbox 656 1642 821 1723; x_wconf 83' lang='lat' dir='ltr'>spectavit.</span> <span class='ocrx_word' id='word_1_86' title='bbox 870 1641 903 1705; x_wconf 86' lang='lat' dir='ltr'>Si</span> <span class='ocrx_word' id='word_1_87' title='bbox 927 1641 966 1705; x_wconf 93' lang='lat' dir='ltr'>de</span> <span class='ocrx_word' id='word_1_88' title='bbox 990 1641 1170 1725; x_wconf 87' lang='lat' dir='ltr'>expetendo</span> <span class='ocrx_word' id='word_1_89' title='bbox 1194 1641 1243 1706; x_wconf 84' lang='lat' dir='ltr'>fu·</span> 
     </span>
     <span class='ocr_line' id='line_1_13' title="bbox 179 1750 1243 1834; baseline 0.001 -21"><span class='ocrx_word' id='word_1_90' title='bbox 179 1752 361 1834; x_wconf 88' lang='lat' dir='ltr'>giendoque</span> <span class='ocrx_word' id='word_1_91' title='bbox 385 1755 604 1834; x_wconf 85' lang='lat' dir='ltr'>quaereretur,</span> <span class='ocrx_word' id='word_1_92' title='bbox 636 1755 711 1832; x_wconf 89' lang='lat' dir='ltr'>„aut</span> <span class='ocrx_word' id='word_1_93' title='bbox 739 1750 840 1814; x_wconf 91' lang='lat' dir='ltr'>animi</span> <span class='ocrx_word' id='word_1_94' title='bbox 864 1755 919 1814; x_wconf 87' lang='lat' dir='ltr'>aut</span> <span class='ocrx_word' id='word_1_95' title='bbox 942 1751 1083 1833; x_wconf 84' lang='lat' dir='ltr'>eorporis</span> <span class='ocrx_word' id='word_1_96' title='bbox 1106 1754 1164 1813; x_wconf 85' lang='lat' dir='ltr'>aut</span> <span class='ocrx_word' id='word_1_97' title='bbox 1187 1770 1243 1814; x_wconf 88' lang='lat' dir='ltr'>ex·</span> 
     </span>
     <span class='ocr_line' id='line_1_14' title="bbox 181 1858 1243 1924; baseline 0.002 -2"><span class='ocrx_word' id='word_1_98' title='bbox 181 1865 273 1923; x_wconf 89' lang='lat' dir='ltr'>terna</span> <span class='ocrx_word' id='word_1_99' title='bbox 307 1861 360 1924; x_wconf 82' lang='lat' dir='ltr'>rel</span> <span class='ocrx_word' id='word_1_100' title='bbox 394 1860 562 1923; x_wconf 88' lang='lat' dir='ltr'>commoda</span> <span class='ocrx_word' id='word_1_101' title='bbox 599 1860 650 1922; x_wconf 88' lang='lat' dir='ltr'>vel</span> <span class='ocrx_word' id='word_1_102' title='bbox 688 1859 910 1922; x_wconf 85' lang='lat' dir='ltr'>incommoda“</span> <span class='ocrx_word' id='word_1_103' title='bbox 951 1858 1132 1923; x_wconf 87' lang='lat' dir='ltr'>adhibenda</span> <span class='ocrx_word' id='word_1_104' title='bbox 1172 1879 1243 1924; x_wconf 90' lang='lat' dir='ltr'>esse</span> 
     </span>
     <span class='ocr_line' id='line_1_15' title="bbox 181 1968 1243 2052; baseline 0.001 -20"><span class='ocrx_word' id='word_1_105' title='bbox 181 1969 278 2050; x_wconf 81' lang='lat' dir='ltr'>dixit3</span> <span class='ocrx_word' id='word_1_106' title='bbox 308 1969 435 2032; x_wconf 88' lang='lat' dir='ltr'>sivero</span> <span class='ocrx_word' id='word_1_107' title='bbox 460 1970 499 2032; x_wconf 92' lang='lat' dir='ltr'>de</span> <span class='ocrx_word' id='word_1_108' title='bbox 523 1968 675 2050; x_wconf 87' lang='lat' dir='ltr'>„honesto</span> <span class='ocrx_word' id='word_1_109' title='bbox 698 1968 867 2052; x_wconf 88' lang='lat' dir='ltr'>turpique“</span> <span class='ocrx_word' id='word_1_110' title='bbox 892 1968 1119 2052; x_wconf 83' lang='lat' dir='ltr'>disputaretur,</span> <span class='ocrx_word' id='word_1_111' title='bbox 1143 1971 1243 2033; x_wconf 87' lang='lat' dir='ltr'>animi</span> 
     </span>
     <span class='ocr_line' id='line_1_16' title="bbox 179 2079 1242 2162; baseline 0 -20"><span class='ocrx_word' id='word_1_112' title='bbox 179 2079 264 2143; x_wconf 88' lang='lat' dir='ltr'>bona</span> <span class='ocrx_word' id='word_1_113' title='bbox 288 2083 319 2143; x_wconf 93' lang='lat' dir='ltr'>et</span> <span class='ocrx_word' id='word_1_114' title='bbox 341 2079 439 2159; x_wconf 89' lang='lat' dir='ltr'>mala;</span> <span class='ocrx_word' id='word_1_115' title='bbox 467 2080 495 2142; x_wconf 91' lang='lat' dir='ltr'>si</span> <span class='ocrx_word' id='word_1_116' title='bbox 519 2079 659 2162; x_wconf 90' lang='lat' dir='ltr'>denique</span> <span class='ocrx_word' id='word_1_117' title='bbox 683 2079 722 2142; x_wconf 91' lang='lat' dir='ltr'>de</span> <span class='ocrx_word' id='word_1_118' title='bbox 746 2097 849 2161; x_wconf 88' lang='lat' dir='ltr'>aequo</span> <span class='ocrx_word' id='word_1_119' title='bbox 873 2083 904 2142; x_wconf 92' lang='lat' dir='ltr'>et</span> <span class='ocrx_word' id='word_1_120' title='bbox 925 2079 1048 2161; x_wconf 90' lang='lat' dir='ltr'>iniquo,</span> <span class='ocrx_word' id='word_1_121' title='bbox 1071 2081 1242 2162; x_wconf 89' lang='lat' dir='ltr'>aequitatis</span> 
     </span>
     <span class='ocr_line' id='line_1_17' title="bbox 179 2188 1242 2271; baseline 0 -20"><span class='ocrx_word' id='word_1_122' title='bbox 179 2189 266 2253; x_wconf 85' lang='lat' dir='ltr'>locos</span> <span class='ocrx_word' id='word_1_123' title='bbox 290 2189 537 2253; x_wconf 88' lang='lat' dir='ltr'>considerandos</span> <span class='ocrx_word' id='word_1_124' title='bbox 560 2207 644 2269; x_wconf 81' lang='lat' dir='ltr'>esse3</span> <span class='ocrx_word' id='word_1_125' title='bbox 679 2207 761 2271; x_wconf 89' lang='lat' dir='ltr'>quos</span> <span class='ocrx_word' id='word_1_126' title='bbox 784 2189 824 2250; x_wconf 91' lang='lat' dir='ltr'>in</span> <span class='ocrx_word' id='word_1_127' title='bbox 842 2192 988 2253; x_wconf 87' lang='lat' dir='ltr'>naturam</span> <span class='ocrx_word' id='word_1_128' title='bbox 1014 2192 1045 2252; x_wconf 91' lang='lat' dir='ltr'>et</span> <span class='ocrx_word' id='word_1_129' title='bbox 1067 2188 1242 2253; x_wconf 89' lang='lat' dir='ltr'>institutio-</span> 
     </span>
     <span class='ocr_line' id='line_1_18' title="bbox 179 2281 1242 2382; baseline 0.001 -21"><span class='ocrx_word' id='word_1_130' title='bbox 179 2281 254 2362; x_wconf 87' lang='lat' dir='ltr'>nem</span> <span class='ocrx_word' id='word_1_131' title='bbox 285 2300 423 2382; x_wconf 87' lang='lat' dir='ltr'>partitus</span> <span class='ocrx_word' id='word_1_132' title='bbox 459 2304 514 2380; x_wconf 87' lang='lat' dir='ltr'>est,</span> <span class='ocrx_word' id='word_1_133' title='bbox 552 2318 691 2382; x_wconf 90' lang='lat' dir='ltr'>quarum</span> <span class='ocrx_word' id='word_1_134' title='bbox 721 2298 810 2360; x_wconf 89' lang='lat' dir='ltr'>illam</span> <span class='ocrx_word' id='word_1_135' title='bbox 845 2298 1017 2361; x_wconf 89' lang='lat' dir='ltr'>tuitionem</span> <span class='ocrx_word' id='word_1_136' title='bbox 1053 2299 1106 2362; x_wconf 88' lang='lat' dir='ltr'>sui</span> <span class='ocrx_word' id='word_1_137' title='bbox 1133 2302 1166 2362; x_wconf 90' lang='lat' dir='ltr'>et</span> <span class='ocrx_word' id='word_1_138' title='bbox 1188 2300 1242 2362; x_wconf 90' lang='lat' dir='ltr'>ius</span> 
     </span>
     <span class='ocr_line' id='line_1_19' title="bbox 180 2407 1240 2489; baseline -0.001 -17"><span class='ocrx_word' id='word_1_139' title='bbox 180 2408 357 2472; x_wconf 88' lang='lat' dir='ltr'>ulciscendi</span> <span class='ocrx_word' id='word_1_140' title='bbox 373 2409 548 2489; x_wconf 88' lang='lat' dir='ltr'>continere,</span> <span class='ocrx_word' id='word_1_141' title='bbox 571 2409 653 2471; x_wconf 85' lang='lat' dir='ltr'>hauc</span> <span class='ocrx_word' id='word_1_142' title='bbox 672 2409 706 2469; x_wconf 94' lang='lat' dir='ltr'>in</span> <span class='ocrx_word' id='word_1_143' title='bbox 725 2411 790 2470; x_wconf 89' lang='lat' dir='ltr'>tres</span> <span class='ocrx_word' id='word_1_144' title='bbox 812 2411 919 2489; x_wconf 90' lang='lat' dir='ltr'>partes</span> <span class='ocrx_word' id='word_1_145' title='bbox 944 2407 1045 2470; x_wconf 90' lang='lat' dir='ltr'>dividi</span> <span class='ocrx_word' id='word_1_146' title='bbox 1069 2408 1240 2472; x_wconf 83' lang='lat' dir='ltr'>discimus:</span> 
     </span>
     <span class='ocr_line' id='line_1_20' title="bbox 178 2501 1243 2600; baseline 0.002 -20"><span class='ocrx_word' id='word_1_147' title='bbox 178 2519 212 2580; x_wconf 92' lang='lat' dir='ltr'>in</span> <span class='ocrx_word' id='word_1_148' title='bbox 236 2518 422 2600; x_wconf 77' lang='lat' dir='ltr'>legitimam,</span> <span class='ocrx_word' id='word_1_149' title='bbox 457 2501 712 2597; x_wconf 91' lang='lat' dir='ltr'>convenientem,</span> <span class='ocrx_word' id='word_1_150' title='bbox 747 2517 845 2579; x_wconf 90' lang='lat' dir='ltr'>moris</span> <span class='ocrx_word' id='word_1_151' title='bbox 880 2520 1039 2580; x_wconf 86' lang='lat' dir='ltr'>vetustate</span> <span class='ocrx_word' id='word_1_152' title='bbox 1072 2516 1243 2582; x_wconf 89' lang='lat' dir='ltr'>firmatam.</span> 
     </span>
     <span class='ocr_line' id='line_1_21' title="bbox 180 2625 1244 2710; baseline 0.001 -21"><span class='ocrx_word' id='word_1_153' title='bbox 180 2626 385 2709; x_wconf 86' lang='lat' dir='ltr'>Aequitatem</span> <span class='ocrx_word' id='word_1_154' title='bbox 418 2627 523 2709; x_wconf 89' lang='lat' dir='ltr'>ipsam</span> <span class='ocrx_word' id='word_1_155' title='bbox 552 2629 660 2688; x_wconf 87' lang='lat' dir='ltr'>autem</span> <span class='ocrx_word' id='word_1_156' title='bbox 690 2625 730 2688; x_wconf 88' lang='lat' dir='ltr'>ad</span> <span class='ocrx_word' id='word_1_157' title='bbox 760 2643 892 2707; x_wconf 91' lang='lat' dir='ltr'>superos</span> <span class='ocrx_word' id='word_1_158' title='bbox 927 2626 1012 2708; x_wconf 91' lang='lat' dir='ltr'>deos,</span> <span class='ocrx_word' id='word_1_159' title='bbox 1047 2627 1087 2689; x_wconf 92' lang='lat' dir='ltr'>ad</span> <span class='ocrx_word' id='word_1_160' title='bbox 1121 2646 1244 2710; x_wconf 88' lang='lat' dir='ltr'>manes,</span> 
     </span>
     <span class='ocr_line' id='line_1_22' title="bbox 179 2734 1244 2819; baseline 0.002 -21"><span class='ocrx_word' id='word_1_161' title='bbox 179 2736 219 2799; x_wconf 90' lang='lat' dir='ltr'>ad</span> <span class='ocrx_word' id='word_1_162' title='bbox 255 2736 403 2799; x_wconf 88' lang='lat' dir='ltr'>homines</span> <span class='ocrx_word' id='word_1_163' title='bbox 436 2735 596 2818; x_wconf 89' lang='lat' dir='ltr'>pertinere</span> <span class='ocrx_word' id='word_1_164' title='bbox 638 2735 722 2798; x_wconf 83' lang='lat' dir='ltr'>dixit</span> <span class='ocrx_word' id='word_1_165' title='bbox 755 2734 808 2816; x_wconf 84' lang='lat' dir='ltr'>ita,</span> <span class='ocrx_word' id='word_1_166' title='bbox 846 2737 883 2797; x_wconf 92' lang='lat' dir='ltr'>ut</span> <span class='ocrx_word' id='word_1_167' title='bbox 925 2734 1039 2818; x_wconf 88' lang='lat' dir='ltr'>pietas,</span> <span class='ocrx_word' id='word_1_168' title='bbox 1080 2738 1244 2819; x_wconf 85' lang='lat' dir='ltr'>sanctitas,</span> 
     </span>
     <span class='ocr_line' id='line_1_23' title="bbox 179 2844 756 2927; baseline 0.002 -19"><span class='ocrx_word' id='word_1_169' title='bbox 179 2844 302 2908; x_wconf 86' lang='lat' dir='ltr'>iustitia</span> <span class='ocrx_word' id='word_1_170' title='bbox 324 2849 379 2908; x_wconf 89' lang='lat' dir='ltr'>aut</span> <span class='ocrx_word' id='word_1_171' title='bbox 402 2846 548 2927; x_wconf 85' lang='lat' dir='ltr'>aequitas</span> <span class='ocrx_word' id='word_1_172' title='bbox 572 2846 756 2909; x_wconf 81' lang='lat' dir='ltr'>existerent.</span> 
     </span>
    </p>
   </div>
   <div class='ocr_carea' id='block_1_7' title="bbox 179 2972 1244 3168">
    <p class='ocr_par' dir='ltr' id='par_1_7' title="bbox 179 2972 1244 3168">
     <span class='ocr_line' id='line_1_24' title="bbox 284 2972 1244 3056; baseline 0.001 -20"><span class='ocrx_word' id='word_1_173' title='bbox 284 2975 392 3056; x_wconf 87' lang='lat' dir='ltr'>Atque</span> <span class='ocrx_word' id='word_1_174' title='bbox 413 2975 509 3038; x_wconf 89' lang='lat' dir='ltr'>etiam</span> <span class='ocrx_word' id='word_1_175' title='bbox 525 2993 579 3038; x_wconf 88' lang='lat' dir='ltr'>eos</span> <span class='ocrx_word' id='word_1_176' title='bbox 596 2975 683 3038; x_wconf 90' lang='lat' dir='ltr'>locos</span> <span class='ocrx_word' id='word_1_177' title='bbox 699 2972 808 3036; x_wconf 83' lang='lat' dir='ltr'>Cicero</span> <span class='ocrx_word' id='word_1_178' title='bbox 828 2973 986 3055; x_wconf 82' lang='lat' dir='ltr'>exposuit,</span> <span class='ocrx_word' id='word_1_179' title='bbox 1011 2973 1068 3056; x_wconf 93' lang='lat' dir='ltr'>qui</span> <span class='ocrx_word' id='word_1_180' title='bbox 1084 2977 1244 3037; x_wconf 88' lang='lat' dir='ltr'>oratorem</span> 
     </span>
     <span class='ocr_line' id='line_1_25' title="bbox 179 3083 1091 3168; baseline 0 -23"><span class='ocrx_word' id='word_1_181' title='bbox 179 3084 214 3147; x_wconf 93' lang='lat' dir='ltr'>in</span> <span class='ocrx_word' id='word_1_182' title='bbox 238 3084 464 3148; x_wconf 87' lang='lat' dir='ltr'>controversiis</span> <span class='ocrx_word' id='word_1_183' title='bbox 488 3085 670 3168; x_wconf 82' lang='lat' dir='ltr'>exscripto</span> <span class='ocrx_word' id='word_1_184' title='bbox 694 3083 904 3148; x_wconf 85' lang='lat' dir='ltr'>nascentibus</span> <span class='ocrx_word' id='word_1_185' title='bbox 927 3083 1091 3147; x_wconf 87' lang='lat' dir='ltr'>adiuvant.</span> 
     </span>
    </p>
   </div>
   <div class='ocr_carea' id='block_1_8' title="bbox 285 3210 1243 3298">
    <p class='ocr_par' dir='ltr' id='par_1_8' title="bbox 285 3210 1243 3298">
     <span class='ocr_line' id='line_1_26' title="bbox 285 3210 1243 3298; baseline 0.001 -21"><span class='ocrx_word' id='word_1_186' title='bbox 285 3211 318 3277; x_wconf 86' lang='lat' dir='ltr'>Si</span> <span class='ocrx_word' id='word_1_187' title='bbox 334 3233 376 3278; x_wconf 85' lang='lat' dir='ltr'>ex</span> <span class='ocrx_word' id='word_1_188' title='bbox 392 3210 573 3298; x_wconf 73' lang='lat' dir='ltr'>ambigu02)</span> <span class='ocrx_word' id='word_1_189' title='bbox 599 3217 817 3278; x_wconf 87' lang='lat' dir='ltr'>controversia</span> <span class='ocrx_word' id='word_1_190' title='bbox 838 3213 884 3296; x_wconf 90' lang='lat' dir='ltr'>fit,</span> <span class='ocrx_word' id='word_1_191' title='bbox 907 3215 1115 3279; x_wconf 87' lang='lat' dir='ltr'>ostendemus</span> <span class='ocrx_word' id='word_1_192' title='bbox 1130 3232 1243 3278; x_wconf 87' lang='lat' dir='ltr'>omnes</span> 
     </span>
    </p>
   </div>
   <div class='ocr_carea' id='block_1_9' title="bbox 176 3484 1243 4014">
    <p class='ocr_par' dir='ltr' id='par_1_9' title="bbox 176 3484 1243 4014">
     <span class='ocr_line' id='line_1_27' title="bbox 287 3484 1241 3566; baseline 0.002 -24"><span class='ocrx_word' id='word_1_193' title='bbox 287 3488 314 3554; x_wconf 88' lang='lat'>1)</span> <span class='ocrx_word' id='word_1_194' title='bbox 332 3484 427 3539; x_wconf 85' lang='lat' dir='ltr'>Paullo</span> <span class='ocrx_word' id='word_1_195' title='bbox 445 3495 514 3551; x_wconf 84' lang='lat' dir='ltr'>ante,</span> <span class='ocrx_word' id='word_1_196' title='bbox 535 3487 567 3540; x_wconf 92' lang='lat' dir='ltr'>de</span> <span class='ocrx_word' id='word_1_197' title='bbox 586 3491 654 3556; x_wconf 88' lang='lat' dir='ltr'>part.</span> <span class='ocrx_word' id='word_1_198' title='bbox 674 3505 712 3543; x_wconf 91' lang='lat' dir='ltr'>or.</span> <span class='ocrx_word' id='word_1_199' title='bbox 725 3492 768 3553; x_wconf 81' lang='lat'>28,</span> <span class='ocrx_word' id='word_1_200' title='bbox 781 3493 831 3546; x_wconf 80' lang='lat'>100</span> <span class='ocrx_word' id='word_1_201' title='bbox 844 3489 935 3544; x_wconf 87' lang='lat' dir='ltr'>Cicero</span> <span class='ocrx_word' id='word_1_202' title='bbox 953 3489 986 3543; x_wconf 88' lang='lat' dir='ltr'>de</span> <span class='ocrx_word' id='word_1_203' title='bbox 1003 3488 1062 3543; x_wconf 87' lang='lat' dir='ltr'>iure</span> <span class='ocrx_word' id='word_1_204' title='bbox 1080 3488 1155 3545; x_wconf 81' lang='lat' dir='ltr'>civili</span> <span class='ocrx_word' id='word_1_205' title='bbox 1174 3489 1241 3566; x_wconf 73' lang='lat' dir='ltr'>egit5</span> 
     </span>
     <span class='ocr_line' id='line_1_28' title="bbox 179 3577 1242 3652; baseline 0.004 -21"><span class='ocrx_word' id='word_1_206' title='bbox 179 3579 251 3647; x_wconf 89' lang='lat' dir='ltr'>quod</span> <span class='ocrx_word' id='word_1_207' title='bbox 279 3579 308 3632; x_wconf 90' lang='lat' dir='ltr'>in</span> <span class='ocrx_word' id='word_1_208' title='bbox 336 3577 424 3646; x_wconf 87' lang='lat' dir='ltr'>legem</span> <span class='ocrx_word' id='word_1_209' title='bbox 451 3580 477 3632; x_wconf 86' lang='lat' dir='ltr'>et</span> <span class='ocrx_word' id='word_1_210' title='bbox 505 3577 533 3632; x_wconf 91' lang='lat' dir='ltr'>in</span> <span class='ocrx_word' id='word_1_211' title='bbox 557 3595 657 3633; x_wconf 88' lang='lat' dir='ltr'>morem</span> <span class='ocrx_word' id='word_1_212' title='bbox 677 3580 779 3650; x_wconf 89' lang='lat' dir='ltr'>divisit,</span> <span class='ocrx_word' id='word_1_213' title='bbox 806 3579 891 3650; x_wconf 88' lang='lat' dir='ltr'>legem</span> <span class='ocrx_word' id='word_1_214' title='bbox 910 3583 1000 3634; x_wconf 84' lang='lat' dir='ltr'>autem</span> <span class='ocrx_word' id='word_1_215' title='bbox 1019 3580 1168 3652; x_wconf 85' lang='lat' dir='ltr'>partimin</span> <span class='ocrx_word' id='word_1_216' title='bbox 1187 3582 1242 3651; x_wconf 90' lang='lat' dir='ltr'>pri·</span> 
     </span>
     <span class='ocr_line' id='line_1_29' title="bbox 177 3669 1242 3739; baseline 0.005 -17"><span class='ocrx_word' id='word_1_217' title='bbox 177 3670 249 3724; x_wconf 80' lang='lat' dir='ltr'>ratis</span> <span class='ocrx_word' id='word_1_218' title='bbox 267 3670 354 3738; x_wconf 85' lang='lat' dir='ltr'>rebus,</span> <span class='ocrx_word' id='word_1_219' title='bbox 385 3670 486 3739; x_wconf 86' lang='lat' dir='ltr'>partim</span> <span class='ocrx_word' id='word_1_220' title='bbox 514 3669 543 3723; x_wconf 92' lang='lat' dir='ltr'>in</span> <span class='ocrx_word' id='word_1_221' title='bbox 573 3671 689 3739; x_wconf 86' lang='lat' dir='ltr'>publicis</span> <span class='ocrx_word' id='word_1_222' title='bbox 712 3673 814 3727; x_wconf 82' lang='lat' dir='ltr'>versari</span> <span class='ocrx_word' id='word_1_223' title='bbox 832 3672 906 3728; x_wconf 80' lang='lat' dir='ltr'>dixit.</span> <span class='ocrx_word' id='word_1_224' title='bbox 943 3671 1110 3738; x_wconf 77' lang='lat' dir='ltr'>Quibuscum</span> <span class='ocrx_word' id='word_1_225' title='bbox 1128 3672 1153 3727; x_wconf 85' lang='lat' dir='ltr'>si</span> <span class='ocrx_word' id='word_1_226' title='bbox 1171 3689 1242 3727; x_wconf 88' lang='lat' dir='ltr'>com-</span> 
     </span>
     <span class='ocr_line' id='line_1_30' title="bbox 178 3763 1243 3835; baseline 0.007 -22"><span class='ocrx_word' id='word_1_227' title='bbox 178 3777 305 3828; x_wconf 80' lang='lat' dir='ltr'>paremus</span> <span class='ocrx_word' id='word_1_228' title='bbox 336 3779 376 3829; x_wconf 86' lang='lat' dir='ltr'>ea,</span> <span class='ocrx_word' id='word_1_229' title='bbox 404 3777 473 3829; x_wconf 87' lang='lat' dir='ltr'>quae</span> <span class='ocrx_word' id='word_1_230' title='bbox 500 3778 583 3831; x_wconf 86' lang='lat' dir='ltr'>supra</span> <span class='ocrx_word' id='word_1_231' title='bbox 601 3764 748 3830; x_wconf 84' lang='lat' dir='ltr'>attulimus,</span> <span class='ocrx_word' id='word_1_232' title='bbox 777 3763 868 3818; x_wconf 86' lang='lat' dir='ltr'>statim</span> <span class='ocrx_word' id='word_1_233' title='bbox 887 3764 1069 3835; x_wconf 83' lang='lat' dir='ltr'>intellegimus</span> <span class='ocrx_word' id='word_1_234' title='bbox 1087 3764 1159 3819; x_wconf 85' lang='lat' dir='ltr'>hanc</span> <span class='ocrx_word' id='word_1_235' title='bbox 1176 3765 1243 3820; x_wconf 84' lang='lat' dir='ltr'>iuris</span> 
     </span>
     <span class='ocr_line' id='line_1_31' title="bbox 178 3852 1242 3926; baseline 0.007 -22"><span class='ocrx_word' id='word_1_236' title='bbox 178 3852 264 3907; x_wconf 88' lang='lat' dir='ltr'>civilis</span> <span class='ocrx_word' id='word_1_237' title='bbox 292 3854 467 3922; x_wconf 88' lang='lat' dir='ltr'>partitionem</span> <span class='ocrx_word' id='word_1_238' title='bbox 494 3856 613 3924; x_wconf 87' lang='lat' dir='ltr'>proxime</span> <span class='ocrx_word' id='word_1_239' title='bbox 641 3858 675 3910; x_wconf 83' lang='lat' dir='ltr'>ad</span> <span class='ocrx_word' id='word_1_240' title='bbox 703 3872 762 3912; x_wconf 86' lang='lat' dir='ltr'>eam</span> <span class='ocrx_word' id='word_1_241' title='bbox 790 3858 924 3923; x_wconf 82' lang='lat' dir='ltr'>accedere,</span> <span class='ocrx_word' id='word_1_242' title='bbox 953 3872 1007 3925; x_wconf 88' lang='lat' dir='ltr'>qua</span> <span class='ocrx_word' id='word_1_243' title='bbox 1034 3857 1090 3912; x_wconf 89' lang='lat' dir='ltr'>illie</span> <span class='ocrx_word' id='word_1_244' title='bbox 1115 3856 1145 3910; x_wconf 92' lang='lat' dir='ltr'>in</span> <span class='ocrx_word' id='word_1_245' title='bbox 1164 3857 1242 3926; x_wconf 82' lang='lat' dir='ltr'>„lege</span> 
     </span>
     <span class='ocr_line' id='line_1_32' title="bbox 176 3944 453 4014; baseline 0.011 -17"><span class='ocrx_word' id='word_1_246' title='bbox 176 3944 302 4014; x_wconf 85' lang='lat' dir='ltr'>propria“</span> <span class='ocrx_word' id='word_1_247' title='bbox 322 3961 387 4000; x_wconf 84' lang='lat' dir='ltr'>usus</span> <span class='ocrx_word' id='word_1_248' title='bbox 406 3949 453 4000; x_wconf 77' lang='lat' dir='ltr'>est.</span> 
     </span>
    </p>
   </div>
   <div class='ocr_carea' id='block_1_10' title="bbox 282 4037 1194 4113">
    <p class='ocr_par' dir='ltr' id='par_1_10' title="bbox 282 4037 1194 4113">
     <span class='ocr_line' id='line_1_33' title="bbox 282 4037 1194 4113; baseline 0.002 -19"><span class='ocrx_word' id='word_1_249' title='bbox 282 4037 309 4108; x_wconf 78' lang='lat'>2)</span> <span class='ocrx_word' id='word_1_250' title='bbox 329 4037 362 4092; x_wconf 87' lang='lat' dir='ltr'>de</span> <span class='ocrx_word' id='word_1_251' title='bbox 380 4037 434 4094; x_wconf 83' lang='lat' dir='ltr'>inv.</span> <span class='ocrx_word' id='word_1_252' title='bbox 454 4038 489 4111; x_wconf 84' lang='grc' dir='ltr'>ΙΙ,</span> <span class='ocrx_word' id='word_1_253' title='bbox 508 4041 771 4113; x_wconf 57' lang='lat' dir='ltr'>coare-maan</span> <span class='ocrx_word' id='word_1_254' title='bbox 790 4041 824 4096; x_wconf 88' lang='lat' dir='ltr'>de</span> <span class='ocrx_word' id='word_1_255' title='bbox 842 4044 911 4112; x_wconf 85' lang='lat' dir='ltr'>part.</span> <span class='ocrx_word' id='word_1_256' title='bbox 932 4057 969 4100; x_wconf 88' lang='lat' dir='ltr'>or.</span> <span class='ocrx_word' id='word_1_257' title='bbox 988 4045 1194 4112; x_wconf 79' lang='lat'>38,132-133.</span> 
     </span>
    </p>
   </div>
   <div class='ocr_carea' id='block_1_11' title="bbox 0 0 1314 4560">
    <p class='ocr_par' dir='ltr' id='par_1_11' title="bbox 0 0 1314 4560">
     <span class='ocr_line' id='line_1_34' title="bbox 0 0 1314 4560; baseline 0 0"><span class='ocrx_word' id='word_1_258' title='bbox 0 0 1314 4560; x_wconf 95' lang='lat' dir='ltr'> </span> 
     </span>
    </p>
   </div>
  </div>
 </body>
</html>
