2618 4560
508 215 716 320 ru-¹

61 432 141 512 part.
165 448 210 493 or.
239 429 333 511 19,65
359 429 539 493 definitioni
567 428 723 506 attribuit,
758 448 834 492 cum
858 448 928 493 eam
964 433 995 493 et
1018 429 1057 492 de
1081 448 1126 495 or.

62 538 123 619 III,
161 538 278 620 letto
303 544 335 602 et
357 543 421 621 top.
448 540 545 620 22,84
576 541 612 602 in
642 539 921 619 „consecutionis‘
949 538 1000 601 vel
1028 539 1128 620 „iuris

63 652 96 711 et
117 645 255 711 iniuriae
279 648 514 711 distinctionis“
537 647 682 731 partibus
706 651 934 711 enumerasset.

169 756 240 837 Sed,
263 775 479 839 quaecunque
503 761 579 821 sunt
600 758 678 820 ,sive
702 758 937 821 contractiones
962 758 1031 820 sive
1055 776 1125 820 mu·

62 866 200 934 tationes
222 867 363 948 partium
387 884 450 928 non
474 866 518 928 ita
537 867 697 949 gravium,
720 884 776 929 eae
799 886 858 930 nos
881 866 1036 950 impedire
1060 883 1125 928 non

60 979 205 1057 possunt,
240 976 415 1056 quominus
438 974 643 1057 partitionem
673 976 900 1056 quaestionum
924 975 1126 1038 infinitarum

62 1101 105 1146 err
127 1084 176 1164 iis,
211 1102 294 1165 quos
319 1103 416 1167 supra
439 1083 615 1164 attulimus,
649 1083 730 1148 locis
753 1086 830 1150 satis
858 1085 999 1148 dilucide
1028 1086 1127 1168 perci-

62 1211 200 1275 piamus.
247 1224 277 1243 .·

305 1305 342 1383 B.
381 1303 430 1382 De
459 1301 727 1401 quaestionibus
755 1302 880 1385 finitis.

170 1427 331 1491 Omnibus
354 1426 444 1503 locis,
475 1427 532 1490 ubi
557 1427 668 1491 Cicero
698 1428 736 1492 de
761 1430 1002 1512 quaestionibus
1025 1431 1126 1495 finitis

61 1526 247 1602 distinctius
264 1537 447 1619 disputavit,
472 1555 525 1600 eas
546 1537 581 1597 in
605 1537 667 1598 tria
681 1533 804 1618 'genera
821 1537 942 1602 divisit:
967 1540 999 1601 in
1024 1559 1126 1622 genus

61 1648 366 1728 demonstrativum,
414 1644 676 1725 deliberativum,
710 1644 871 1709 iudiciale.
926 1647 979 1711 Sic
1015 1649 1055 1712 de
1083 1668 1126 1712 or.

58 1755 89 1834 I,
122 1755 239 1832 31,141
270 1756 348 1819 haec
377 1754 485 1818 Crassi
517 1752 614 1817 verba
642 1753 797 1836 legimus:
825 1755 908 1835 „Sed
942 1776 1125 1839 cansarum,

62 1883 147 1946 quae
175 1864 239 1926 sint
269 1885 288 1928 a
315 1865 480 1928 communi
515 1864 703 1946 quaestione
739 1865 911 1955 seiunctae,
946 1869 1063 1950 partim
1090 1869 1125 1931 in

59 1972 192 2036 iudiciis
221 1976 354 2056 versari,
385 1975 502 2056 partim
533 1974 568 2035 in
601 1972 900 2057 deliberationibus3
931 1995 1001 2040 esse
1030 1978 1126 2040 etiam

59 2101 165 2166 genus
190 2083 331 2163 tertium,
363 2083 451 2166 quod
479 2084 512 2145 in
540 2082 712 2146 laudandis
743 2088 801 2146 aut
824 2086 1046 2168 vituperandis
1069 2087 1127 2150 ho·

59 2191 204 2256 minibus
239 2191 442 2274 poneretnr;“
478 2196 508 2255 et
538 2193 701 2255 Antonius
725 2193 765 2255 de
788 2212 832 2256 or.
857 2193 899 2275 Il,
931 2196 1125 2277 10,42-43,

61 2301 159 2363 dixit:
196 2305 336 2382 „certum
360 2305 477 2381 autem,
515 2301 549 2362 in
586 2319 649 2382 quo
675 2301 752 2383 quid
786 2303 821 2364 in
853 2305 998 2385 personis
1030 2309 1062 2367 et
1088 2305 1124 2367 in

53 2411 229 2474 constituta
263 2429 298 2474 re
325 2415 357 2473 et
392 2408 522 2473 definita
557 2415 779 2492 quaereretur;
822 2413 1006 2476 cuiusmodi
1041 2418 1118 2478 sunt

60 2521 201 2603 quaein
225 2520 294 2584 foro
318 2523 414 2600 atque
437 2520 469 2581 in
495 2521 615 2583 civium
639 2521 748 2584 causis
772 2521 1127 2606 disceptationibusque

58 2633 240 2692 versantur.
265 2629 318 2692 43.
354 2627 401 2690 Ea
424 2629 503 2691 mihi
526 2628 677 2692 ridentur
705 2631 819 2694 autin
843 2631 898 2695 lite
922 2633 1046 2695 oranda
1070 2636 1126 2696 aut

59 2740 95 2800 in
120 2738 253 2801 consilio
278 2737 384 2801 dando
409 2757 479 2815 esse
498 2739 612 2821 posita.
659 2737 742 2801 Nam
766 2739 849 2802 illud
872 2743 1014 2822 tertium,
1041 2742 1126 2823 quod

60 2852 93 2912 et
115 2867 134 2910 a
158 2845 272 2910 Crasso
300 2851 421 2912 tactum
450 2853 498 2911 est
527 2852 568 2925 et,
598 2851 636 2911 ut
659 2848 763 2927 audio,
791 2848 846 2911 ille
878 2850 946 2930 ipse
970 2850 1128 2912 Aristote-

60 2958 110 3019 les
136 3007 142 3020 .
168 3005 174 3018 .
199 3004 206 3018 .
231 2957 389 3037 adiunxit,
425 2958 549 3020 etiamsi
585 2976 665 3039 opus
702 2961 758 3039 est,
794 2958 903 3021 minus
937 2959 986 3019 est
1018 2959 1125 3018 tamen

61 3066 311 3130 necessarium.“
337 3063 436 3150 [Dicit
460 3067 498 3129 de
522 3084 641 3148 genere
665 3064 937 3150 demonstrativo]
986 3063 1127 3139 Quibus·

61 3195 138 3239 cum
167 3175 265 3258 plane
293 3177 453 3239 consentit
480 3176 626 3241 eiusdem
655 3175 837 3259 explicatio,
867 3191 967 3256 quam
999 3171 1126 3232 inveni-

60 3304 134 3348 mus
159 3285 198 3348 de
222 3304 265 3347 or.
289 3283 332 3364 II,
368 3284 481 3360 15,65:
513 3305 633 3367 „unum
662 3284 718 3368 [sc.
749 3281 865 3367 genna]
894 3281 934 3343 de
963 3284 1047 3342 certa
1076 3278 1128 3342 do·

58 3392 216 3475 finitaque
239 3411 344 3475 causa,
380 3393 492 3476 quales
516 3399 604 3472 sunt,
642 3412 723 3477 quae
754 3394 789 3455 in
817 3390 940 3470 litibus,
979 3407 1062 3470 quae
1090 3389 1127 3450 in

61 3502 348 3568 deliberationibus
379 3507 564 3587 versarium
600 3503 704 3584 addat,
739 3501 865 3581 siquis
899 3499 994 3579 volet,
1030 3499 1125 3561 etiam

59 3609 318 3696 laudationes.“¹)
363 3611 442 3675 Tum
478 3611 614 3676 Crassus
643 3612 682 3675 de
711 3630 756 3676 or.
780 3608 838 3688 ΠΙ,
866 3608 984 3688 28,109
1014 3606 1126 3670 eadem

60 3723 185 3784 ratione
221 3740 335 3784 causas
370 3720 540 3802 distribuit,
575 3740 651 3785 cum
687 3720 819 3783 diceret:
856 3718 983 3799 „Atque
1012 3716 1127 3778 horum

170 3861 197 3930 1)
214 3861 274 3914 Etsi
286 3859 423 3914 Antonius
441 3859 483 3913 his
496 3859 562 3914 locis
574 3875 660 3928 genus
677 3854 915 3913 demonstrativum
929 3852 1126 3924 quodammodo

61 3953 162 4007 reicere
181 3952 293 4017 videtur,
317 3954 407 4006 tamen
432 3952 464 4005 de
487 3966 519 4004 eo
539 3951 660 4004 accurata
685 3953 712 4003 et
730 3945 872 4015 diligentia
894 3946 1035 4014 praecepta
1054 3944 1129 3998 dedit

56 4044 107 4112 [de
126 4060 164 4098 or.
184 4043 221 4112 Il,
241 4043 418 4110 alell-aa
437 4042 509 4112 ecel,
528 4043 561 4095 de
580 4040 678 4110 quibus
696 4041 766 4095 inira
783 4037 863 4093 nobis
880 4037 1024 4092 dicendum
1043 4036 1092 4091 est.

910 4141 926 4191 2
