2618 4560
562 222 739 285 ..10-

118 401 231 484 placet,
266 406 301 464 ut
335 400 521 465 traducatur
555 398 596 462 ad
623 403 812 482 perpetuam
837 399 1057 481 quaestionem
1087 404 1194 483 atque

120 515 156 574 ut
183 509 222 572 de
251 510 402 574 universo
431 527 548 593 genere
576 509 729 575 dicatur.“
786 507 826 571 In
853 508 914 571 hoc
942 527 1071 591 quoque
1097 507 1193 574 libro

118 618 231 682 falsam
254 618 344 682 illam
367 617 406 682 da
430 617 614 682 Aristotelis
643 618 814 702 partitione
845 618 1050 697 sententiam,
1085 639 1193 702 quam

119 728 160 791 de
183 731 251 793 inv.
272 726 298 809 1,
323 729 351 808 5,
376 728 404 809 7,
428 728 562 810 apernit,
585 728 654 810 ipse
678 727 828 808 correxit,
855 725 890 789 id
914 727 1000 808 quod
1023 727 1097 790 luce
1123 729 1192 792 cla-

118 840 189 902 rius
223 843 353 920 apparet
387 855 430 900 ex
464 836 515 899 his
550 835 667 917 sarbia,
703 855 785 919 quae
819 841 949 900 exstant
976 856 1022 902 or.
1048 838 1099 918 14,
1125 838 1193 900 46:

119 946 226 1029 „Haeo
256 949 357 1029 igitur
380 945 524 1028 quaestio
548 963 566 1006 a
589 946 728 1029 propriis
752 946 899 1029 personis
927 952 959 1010 et
986 946 1196 1030 temporibus

119 1058 160 1120 ad
183 1057 328 1121 universi
352 1055 480 1138 generis
504 1054 680 1118 orationem
703 1055 854 1119 traducta
877 1055 1056 1138 appellatur
1078 1059 1193 1137 θέσις.

119 1167 160 1229 In
183 1167 243 1229 hac
267 1163 456 1230 Aristoteles
489 1162 711 1227 adulescentes
746 1184 812 1227 non
850 1164 889 1228 ad
922 1162 1194 1248 philosophorum

120 1295 241 1340 morem
265 1275 407 1340 tenuiter
430 1271 616 1354 disserendi,
651 1272 707 1337 sed
741 1274 782 1338 ad
805 1275 929 1357 copiam
953 1275 1131 1358 rhetorum,
1156 1279 1194 1342 in

121 1390 292 1468 utramque
325 1387 453 1470 partem
489 1384 525 1443 ut
559 1385 704 1447 ornatius
739 1389 771 1446 et
804 1383 939 1447 uberius
974 1385 1038 1448 dici
1072 1394 1192 1468 posset,

122 1494 294 1558 exercuit.“
350 1492 415 1557 Sed
438 1492 534 1555 etiam
557 1491 589 1552 in
618 1493 805 1572 „partitione
829 1495 985 1557 oratoria“
1009 1497 1194 1578 reperimus

121 1603 211 1667 illam
235 1603 388 1666 materiae
412 1598 685 1682 distributionem,
708 1616 804 1684 quam
828 1603 1018 1668 adulescens
1043 1606 1077 1667 in
1101 1603 1191 1670 Her-

122 1733 252 1796 magora
274 1710 541 1795 reprehenderat;
575 1727 650 1772 nam
682 1709 722 1773 de
754 1716 903 1793 partor.
930 1713 958 1794 l,
981 1717 1002 1776 4
1024 1717 1195 1798 respondit

123 1820 233 1884 Cicero
255 1820 322 1883 filio
347 1818 526 1901 quaerenti,
558 1836 716 1898 quasnam
740 1825 847 1902 partes
870 1821 1002 1886 baberet
1026 1827 1193 1906 quaestio:

123 1927 315 2010 „infinitam
347 1947 445 2010 quam
478 1927 746 1991 consultationem
778 1930 913 2013 appello,
947 1938 978 1995 et
1014 1932 1192 2012 definitam,

123 2057 220 2120 quam
243 2056 374 2100 causam
397 2034 559 2115 nomino;“
575 2035 687 2100 eadem
710 2040 837 2121 partitio
859 2040 1031 2105 exhibetur
1055 2043 1094 2106 de
1109 2050 1192 2126 part,

124 2165 167 2210 or.
193 2146 244 2227 18,
269 2146 320 2228 61,
344 2145 402 2210 ubi
425 2145 506 2207 haec
527 2141 632 2208 filium
656 2146 781 2211 docuit:
811 2148 903 2231 „Duo
927 2156 1013 2232 sunt,
1037 2157 1075 2215 ut
1097 2154 1192 2218 initio

123 2257 200 2339 dixi,
224 2258 452 2342 quaestionum
474 2271 602 2338 genera,
632 2276 770 2338 quorum
799 2259 935 2323 alterum
958 2260 1086 2325 finitum
1110 2266 1192 2327 tem-

121 2365 253 2449 poribus
288 2373 319 2431 et
353 2366 499 2450 personis
527 2383 659 2428 causam
683 2368 817 2451 appello,
854 2370 990 2433 altarum
1025 2370 1191 2436 infinitum

123 2473 221 2538 nullis
245 2493 353 2558 neque
377 2475 525 2558 personis
548 2493 655 2557 neque
678 2478 876 2560 temporibus
906 2485 1051 2544 notatum
1075 2500 1192 2566 propo·

121 2584 220 2647 situm
243 2602 332 2650 voco.
368 2581 431 2646 Sed
447 2587 496 2646 est
518 2585 717 2666 propositum
740 2589 831 2671 quasi
856 2590 950 2652 latior
972 2609 1048 2673 pars
1074 2609 1193 2656 causae

123 2693 289 2774 quaedam.
347 2692 437 2756 [nest
465 2692 552 2754 enirn
580 2692 744 2758 infinitum
771 2699 807 2760 in
835 2698 967 2762 definito
991 2704 1023 2763 et
1046 2700 1086 2763 ad
1109 2701 1192 2765 illud

123 2810 230 2865 tamon
268 2802 453 2867 referuntur
487 2802 621 2865 omnia.“
686 2805 965 2873 consultationum
999 2814 1107 2873 autem
1151 2813 1193 2875 ad

125 2930 239 2975 causas
262 2914 506 2977 translationem
530 2911 569 2974 de
593 2920 674 2995 part.
699 2933 741 2978 or.
762 2916 813 2999 30,
832 2917 894 2980 106
919 2922 1193 3003 commemoravit,

125 3037 190 3101 quo
214 3020 300 3082 loco:
331 3022 426 3104 „Ita“,
449 3022 565 3103 inquit,
593 3024 857 3108 „disceptationes
882 3045 947 3108 eae,
972 3030 1114 3110 quaein
1139 3031 1192 3095 bis

124 3130 351 3195 controversiis
375 3132 532 3211 oriuntur,
561 3140 743 3214 quaesunt
767 3137 861 3199 certis
886 3139 1032 3218 personis
1056 3143 1087 3202 at
1109 3143 1191 3204 tem·

124 3239 257 3322 poribus
280 3245 418 3322 notatae,
447 3239 532 3303 liunt
559 3259 674 3306 rursus
702 3243 847 3309 infinitae
872 3245 1086 3330 detractisque
1109 3254 1192 3313 tcm-

123 3349 256 3431 poribus
290 3355 321 3414 st
356 3352 501 3435 personis
536 3369 666 3415 rursum
703 3353 743 3416 ad
777 3356 1021 3422 consultationis
1053 3358 1192 3424 formam

123 3460 349 3543 rationemque
384 3462 605 3527 revocantur.“
668 3461 758 3538 Quae
793 3465 933 3547 denique
971 3468 1005 3529 in
1040 3469 1191 3551 „topicis“

123 3569 184 3632 hac
219 3569 259 3632 de
293 3589 327 3634 re
363 3570 502 3652 scripsit,
540 3588 614 3633 cum
653 3573 703 3652 iis,
738 3576 951 3655 quae‘modo
986 3577 1191 3662 protulimus,

123 3680 242 3742 iterum
267 3681 385 3763 optime
400 3680 621 3760 consentiunt;
646 3680 784 3763 legimus
797 3685 883 3748 enim
898 3690 961 3768 top.
975 3686 1027 3766 21,
1042 3687 1190 3752 79-80:

125 3786 377 3870 „Quaestionum
402 3789 465 3853 duo
491 3785 592 3875 [sunt]
615 3809 743 3875 genera,
770 3794 905 3858 alterum
928 3794 1106 3875 infinitum,
1136 3798 1192 3861 de·

125 3895 254 3961 finitum
279 3898 424 3964 altarum.
478 3897 656 3965 Definitum
683 3909 742 3986 est,
774 3904 861 3989 quod
878 3896 1044 3971 ὑπόθεσιν
1067 3905 1192 3990 Gracci,

125 4025 185 4072 nos
208 4026 360 4090 oausam3
392 4006 489 4073 inlini·
678 4010 689 4032 ¹
726 4007 820 4065 *lma
847 4013 897 4079 illi
928 4015 1100 4100 appellant,
1131 4035 1192 4082 nos
