2618 4560
617 231 793 293 ..24..

178 412 313 475 oratoris
336 429 456 491 eorum,
480 407 566 492 apud
590 428 671 492 quos
695 408 780 488 dicit,
809 407 925 470 animis
949 409 980 469 et
1003 403 1173 468 mentibus
1197 404 1248 470 de·

176 521 378 585 lectationem
401 516 547 602 afferre.¹)

590 691 831 773 vestalibus.

279 822 438 887 Venimus
468 841 555 885 nunc
590 819 630 883 ad
653 828 766 901 partes
800 819 834 881 in
859 838 938 901 quas
963 816 1072 881 cicero
1095 818 1164 880 tria
1183 817 1241 882 illa

174 951 300 1015 genera,
336 951 420 1014 quae
455 931 608 1013 qualitate
641 928 793 990 orationis
827 928 997 1008 exsistunt,
1027 927 1169 1008 partitus
1193 930 1254 1005 est

176 1059 323 1122 quasque
347 1039 476 1102 nomine
500 1043 644 1101 statuum
668 1035 849 1119 significare
868 1037 1018 1100 solemus.

282 1146 344 1211 Sed
367 1148 557 1230 priusquam
580 1147 620 1211 de
643 1147 720 1230 ipsis
745 1146 881 1210 statibus
906 1146 1061 1227 dicamus,
1096 1144 1136 1207 de
1160 1145 1244 1228 loco,

177 1274 241 1337 quo
265 1257 383 1338 optimc
406 1256 635 1338 aptissimeque
658 1255 697 1318 dc
720 1256 760 1317 iis
784 1259 906 1338 agatur,
930 1253 1163 1336 disputandum
1188 1259 1245 1318 est

177 1362 286 1428 Cicero
309 1366 344 1427 in
368 1367 471 1448 primo
492 1365 651 1428 librorum
671 1365 728 1446 „de
743 1363 946 1426 inventione“
964 1363 1003 1426 de
1019 1364 1059 1425 iis
1079 1362 1249 1446 disseruit,

175 1453 347 1558 postquam
370 1480 476 1558 partes
500 1474 595 1538 officii
619 1475 758 1553 oratorii,
780 1473 813 1535 id
838 1477 898 1536 ast:
923 1472 1155 1553 inventionem,
1180 1471 1246 1536 dis-

177 1585 382 1669 positionem,
429 1585 656 1663 elocutionem,
705 1582 907 1663 memoriam,
944 1583 1246 1665 pronuntiationem

178 1695 379 1757 enumeravit
413 1699 444 1758 et
478 1693 623 1757 definivit
646 1690 700 1778 [de
722 1692 788 1753 inv.
813 1689 838 1772 Ι,
862 1693 892 1772 8,
917 1689 1148 1777 10-14,19].
1197 1693 1246 1756 De

178 1821 221 1864 or.
244 1801 269 1884 I,
294 1803 347 1878 31,
372 1801 435 1865 139
459 1821 534 1865 vero
559 1800 692 1865 Crassus
716 1821 771 1864 eos
795 1800 1037 1883 quaestionibus
1059 1799 1200 1866 infinitis
1216 1805 1247 1866 et

177 1910 288 1990 finitis,
323 1929 403 1973 cum
431 1916 536 1992 partes
559 1911 731 1992 utriusque
756 1929 824 1973 esse
848 1929 902 1973 eos
935 1909 1153 1994 arbitraretur,
1189 1911 1243 1975 ad-

183 2020 285 2082 nexit.
331 2019 413 2082 Item
438 2020 601 2082 Antonius
638 2020 677 2083 de
713 2039 757 2083 or.
783 2017 826 2100 ll,
850 2019 902 2100 24,
927 2019 991 2081 104
1015 2037 1069 2082 eos
1092 2022 1245 2084 tractavit

178 2129 368 2212 priusquam
401 2129 441 2192 ad
475 2130 611 2212 primam
641 2133 762 2210 partem
795 2126 890 2190 officii
922 2130 1061 2210 oratorii,
1095 2130 1115 2190 i.
1144 2148 1172 2194 e.
1204 2129 1245 2193 ad

178 2240 398 2303 inventionem
421 2240 576 2323 pervenit.
622 2235 663 2300 In
686 2237 779 2300 tertio
800 2242 907 2300 autem
923 2237 1023 2300 huius
1039 2239 1143 2321 operis
1158 2235 1244 2302 libro

99 2427 101 2431 Ι
180 2346 250 2434 [HL
277 2350 327 2431 19,
353 2347 406 2436 70]
432 2347 566 2412 Crassus
595 2367 650 2412 eos
674 2347 855 2410 accuratius
878 2367 944 2410 non
968 2346 1150 2430 explicavit,
1187 2347 1245 2410 sed

179 2458 292 2521 leviter
328 2463 454 2521 tuntum
479 2464 511 2522 et
534 2459 625 2541 quasi
649 2458 683 2518 in
707 2462 905 2538 transcursu,
940 2477 1013 2522 cum
1038 2457 1077 2520 de
1100 2455 1245 2539 philoso-

89 2636 91 2641 ,
179 2566 254 2650 plria
279 2566 407 2647 diceret,
442 2586 554 2630 earum
577 2567 773 2629 mentionem
796 2564 877 2628 fecit.
936 2565 1006 2641 Quo
1038 2568 1108 2630 loco
1132 2571 1243 2630 autem

178 2676 212 2737 in
237 2677 399 2757 „oratore“
424 2676 463 2738 de
487 2674 625 2738 statibus
650 2675 869 2757 disputaverit,
901 2676 982 2738 nihil
1005 2678 1126 2756 attinet,
1161 2696 1267 2772 quo-⁸

179 2787 279 2868 niam,
308 2791 345 2849 ut
369 2787 437 2871 ipse
460 2784 610 2868 pluribus
634 2779 741 2868 locis2)
765 2783 855 2866 dixit,
881 2786 915 2847 in
950 2786 1011 2848 hoc
1034 2786 1153 2866 scripto
1177 2804 1246 2847 non

178 2901 348 2981 praecepta
378 2895 464 2978 dare,
493 2895 548 2958 sed
576 2895 669 2977 quasi
699 2895 872 2976 imaginem
897 2895 1030 2956 oratoris
1052 2893 1147 2976 plane
1169 2913 1242 2977 per-

181 3004 259 3067 fecti
292 3020 435 3088 vereque
459 3006 638 3087 eloquentis
675 3008 748 3066 ante
781 3004 891 3068 oeulos
918 3022 1096 3086 proponere
1129 3003 1247 3088 voluit,

181 3131 280 3195 quare
313 3115 346 3175 in
374 3114 435 3176 hoc
450 3112 547 3191 ¹libro
578 3114 666 3176 omni
690 3132 785 3196 opera
808 3119 839 3176 et
862 3113 1026 3197 diligentia
1047 3112 1080 3174 id
1104 3111 1248 3195 studuit,

179 3228 216 3285 ut
238 3224 351 3286 ceteris
375 3221 472 3286 rebus
500 3228 531 3286 et
554 3221 698 3306 partibus
715 3224 898 3306 postpositis
915 3244 1015 3286 unam
1032 3221 1249 3286 elocutionem

181 3351 277 3414 quam
302 3334 523 3413 copiosissime
546 3336 759 3416 pertractaret.
805 3330 939 3395 Restant
965 3332 1041 3395 libri
1064 3330 1122 3413 „de
1144 3333 1245 3413 parti-

179 3442 265 3504 tione
304 3442 458 3504 oratoria“
497 3448 528 3505 et
567 3443 722 3526 „topica“;
765 3444 799 3504 in
834 3446 973 3526 utroque
997 3440 1107 3504 Cicero
1142 3444 1248 3504 status

180 3549 433 3633 quaestionibus,
456 3551 555 3614 finitis
579 3552 761 3634 subiunxit,
782 3553 836 3632 ita,
860 3556 896 3613 ut
918 3553 1012 3634 quasi
1028 3554 1133 3633 partes
1150 3569 1251 3632 quae·

180 3661 319 3723 stionum
345 3660 521 3740 finitarum,
550 3663 635 3724 sicut
657 3662 764 3743 paullo
787 3666 859 3743 post
881 3660 1073 3740 videbimus,
1096 3660 1243 3745 partibus

181 3770 406 3850 quaestionum
429 3770 629 3834 infinitarum
654 3771 895 3853 responderent.

287 3946 331 4010 25)
351 3961 389 4000 or.
409 3951 451 4013 ll,
471 3952 513 4004 37.
551 3948 584 4000 de
602 3950 671 4015 part.
690 3962 728 4001 cr.
747 3951 773 4013 4,
793 3951 835 4002 ll.

287 4036 331 4108 26)
351 4055 389 4093 or.
410 4043 450 4099 14,
471 4044 522 4109 43;
550 4043 592 4104 17,
613 4044 661 4109 55;
680 4043 722 4109 31,
743 4041 1015 4109 112ς33,117;3ὂ,
1036 4041 1102 4106 1233
1122 4041 1164 4101 41,
1185 4039 1247 4092 141.
