2618 4560
571 184 726 248 ..g-

223 367 331 448 Atque
353 365 387 425 in
410 361 469 422 hoc
485 378 559 442 uno,
584 365 788 446 quaestiones
803 362 910 426 finitas
926 363 966 426 ad
981 360 1193 428 infinitarum

118 476 343 559 quaestionum
377 473 442 534 vim
478 477 509 536 et
542 476 693 536 naturam
725 472 962 536 transferendas
997 489 1076 551 esse,
1110 489 1192 535 cum

119 584 233 649 Crasso
268 588 299 648 et
322 581 474 646 Cicerone
499 581 660 645 Antonius
695 581 790 663 plane
820 582 997 663 consensit;
1039 582 1193 645 attamen

117 713 177 757 nec
202 692 336 757 Crassus
371 709 430 755 nec
454 689 564 754 Cicero
587 691 621 751 in
645 687 877 771 posterioribus
899 688 990 752 libris
1014 691 1192 755 rhetoricis

119 802 380 867 distributionem
405 799 556 861 materiae
579 801 613 860 in
638 818 770 862 causam
794 804 825 862 et
847 800 880 860 in
905 800 1127 880 quaestionem
1146 801 1190 863 ab

119 911 321 993 Hermagora
348 908 528 989 ceterisque
551 906 736 971 rhetoribus
758 909 880 991 graecis
902 907 1018 970 factam
1042 910 1193 992 accipere

117 1019 285 1100 dubitavit,
309 1021 347 1080 ut
369 1035 411 1080 ex
434 1017 484 1096 iis,
510 1035 593 1098 quae
618 1021 810 1099 sequuntur,
833 1016 927 1079 facile
939 1035 1184 1100 cognoscemus.

224 1127 357 1191 Crassus
382 1127 477 1202 onim,
506 1130 542 1188 ut
570 1126 634 1187 iam
657 1126 692 1186 in
715 1130 914 1206 transcursu,
948 1144 1022 1188 cum
1052 1126 1091 1188 de
1115 1127 1189 1190 An-

117 1239 207 1300 tonio
234 1252 413 1319 ageremus
450 1236 624 1317 tetigimus,
656 1235 821 1298 materiam
859 1227 993 1298 oratoris
1023 1234 1187 1300 infinitam

117 1363 186 1408 esse
209 1344 343 1426 putavit.
399 1342 513 1425 Itaque
544 1361 590 1425 ea,
625 1363 708 1426 quae
736 1345 805 1426 ipse
833 1344 987 1407 nimirum
1012 1363 1030 1406 a
1054 1343 1188 1410 Graecis

117 1454 297 1516 haedere
322 1452 485 1535 didicerat,
514 1452 552 1515 de
577 1471 621 1516 or.
645 1452 671 1534 I,
696 1454 746 1535 31,
774 1453 835 1515 138
858 1453 919 1515 hoc
942 1453 1037 1516 modo
1062 1454 1186 1518 docuit:

117 1612 154 1645 „.
171 1562 339 1644 ..deinde
372 1581 442 1626 esse
471 1581 598 1625 omnem
628 1563 803 1626 orationem
827 1567 883 1625 aut
906 1562 946 1626 de
968 1563 1114 1626 infinitae
1138 1566 1188 1628 rei

118 1674 305 1754 quaestione
342 1673 411 1734 sine
444 1672 666 1754 designatione
695 1691 906 1754 personarum
935 1678 967 1735 et
990 1678 1184 1755 temporum,

117 1787 173 1844 aut
196 1782 234 1844 de
258 1799 293 1843 re
316 1781 411 1843 certis
434 1783 468 1842 in
491 1782 637 1862 personis
654 1800 690 1843 ao
703 1779 900 1864 temporibus
917 1781 1049 1846 iocata.“
1074 1785 1186 1866 Atque

118 1896 155 1953 ut
179 1890 240 1952 hoc
264 1889 334 1951 loco
362 1889 528 1951 materiam
564 1891 641 1952 artis
676 1891 710 1952 in
743 1891 946 1972 quaestiones
982 1890 1125 1956 infinitas
1156 1900 1188 1957 et

118 2000 226 2062 finitas
252 1995 402 2061 distribui
426 1993 654 2080 comprobavit,
682 2000 727 2062 ita
749 2000 781 2061 in
807 2000 899 2062 tertio
923 1999 1005 2064 libro
1029 2020 1084 2064 eos
1108 2002 1186 2066 illu·

116 2109 168 2188 sit,
203 2108 260 2190 qui
289 2106 327 2169 de
356 2111 424 2171 arte
452 2107 608 2171 rhetorica
630 2109 860 2191 praeciperent,
895 2107 1037 2174 infinitas
1073 2117 1186 2176 autem

117 2220 320 2300 quaestiones
348 2236 415 2280 non
442 2222 628 2300 tractarent;
665 2220 749 2282 dixit
783 2219 869 2282 enirn
905 2219 944 2281 de
973 2236 1017 2281 or.
1042 2216 1103 2298 III,
1132 2219 1186 2300 20,

119 2327 247 2389 75-76
284 2376 300 2407 „
316 2375 322 2390 .
339 2377 345 2388 .
361 2332 476 2408 atque
500 2328 558 2391 hos
583 2348 702 2410 omnes,
738 2329 793 2410 qui
821 2331 906 2390 artes
930 2327 1103 2390 rhetoricas
1128 2346 1186 2390 en-

117 2439 253 2517 ponunt,
267 2434 488 2521 perridiculos.
533 2435 686 2501 Scribant
710 2439 795 2500 enim
821 2437 860 2499 de
882 2437 988 2499 litium
1012 2454 1129 2518 genere
1154 2442 1186 2500 et

119 2544 157 2608 de
191 2543 357 2626 principiis
392 2552 423 2607 et
456 2544 495 2608 de
527 2546 779 2610 narrationibus,
839 2547 891 2610 76.
915 2546 975 2610 Ilia
999 2547 1048 2608 vis
1073 2549 1183 2609 autem

117 2653 319 2736 eloquentiae
342 2656 432 2715 tanta
456 2658 512 2736 est,
545 2661 582 2718 ut
605 2657 750 2719 omnium
773 2675 892 2738 rerum,
921 2657 1087 2735 virtutum,
1115 2654 1185 2717 offi-

117 2765 239 2826 ciorum
265 2763 435 2844 omnisque
471 2768 613 2846 naturae,
650 2784 731 2848 quae
759 2784 865 2829 mores
890 2767 1065 2846 bominum,
1101 2784 1184 2846 quae

119 2876 348 2954 animaequae
365 2873 461 2936 vitam
487 2876 637 2955 continet,
655 2876 820 2958 originem,
838 2875 904 2937 vim
928 2874 1185 2956 mutationesque

117 2985 232 3062 teneat,
257 2981 367 3044 eadem
392 3002 507 3062 mores,
530 2984 626 3067 leges,
650 2985 720 3048 iura
745 2984 913 3066 describat,
929 3003 994 3047 rem
1020 2983 1184 3066 publicam

117 3095 214 3173 regat,
246 3091 361 3172 omnia,
399 3111 481 3173 quae
513 3093 553 3156 ad
577 3112 804 3176 quamcunque
827 3113 894 3158 rem
919 3094 1106 3176 pertineant,
1135 3113 1184 3155 or·

116 3209 190 3263 nate
214 3200 406 3283 copioseque
431 3200 542 3265 dicat.“
601 3201 748 3285 Eamque
771 3205 974 3283 sententiam,
1007 3222 1104 3284 quam
1133 3204 1183 3266 his

117 3308 224 3372 verbis
248 3309 379 3392 aperuit,
415 3309 510 3373 etiam
541 3310 580 3374 de
609 3331 653 3376 or.
677 3311 737 3394 III,
762 3314 813 3395 28,
843 3311 1017 3376 roas-110
1041 3313 1183 3392 retinuit,

118 3417 176 3481 nbi
212 3417 251 3481 de
275 3416 496 3500 Peripateticis
534 3426 566 3483 et
600 3422 804 3487 Academicis
843 3424 922 3486 haec
960 3420 1058 3484 verba
1096 3421 1182 3485 fecit:

120 3525 280 3609 „Diount.
296 3575 302 3587 .
316 3575 323 3592 .
338 3546 464 3592 omnem
485 3530 612 3594 civilem
631 3534 806 3596 orationem
831 3534 864 3594 in
889 3533 1004 3594 borum
1029 3530 1182 3594 alterutro

117 3656 235 3720 genere
263 3639 393 3717 versari,
430 3647 487 3702 aut
522 3639 561 3703 de
595 3639 687 3703 finita
721 3643 939 3705 controversia
974 3641 1069 3703 oertis
1104 3645 1183 3702 tem-

117 3744 250 3830 poribus
274 3765 311 3810 ac
335 3749 463 3815 reis...
481 3753 536 3813 aut
560 3747 685 3812 infinite
709 3750 748 3812 dc
772 3751 923 3814 universo
946 3767 1065 3832 genere
1084 3769 1182 3832 quae·
1259 3741 1262 3749 ⁴

117 3858 232 3920 rantis:
266 3850 352 3931 Quid
388 3859 519 3922 omnino
555 3857 593 3920 de
629 3859 755 3941 captivo
784 3860 992 3924 statuendum
1021 3878 1058 3922 ac
1086 3861 1182 3922 senti-

118 3966 238 4031 endum
263 3967 325 4030 sit?
373 3968 481 4051 Atque
505 3969 621 4032 horum
646 3969 795 4050 superius
819 3971 901 4034 illud
924 3987 1029 4054 genus
1052 3987 1184 4032 causam
