2618 4560
646 221 820 286 .-32-

199 399 235 461 in
267 395 497 480 posterioribus
536 394 628 459 libris
664 395 832 459 rhetoricis
868 397 946 463 alias
982 399 1156 481 contraxit,
1191 399 1274 465 alias

200 506 295 590 plane
317 507 463 589 reliquit:
490 507 536 570 sic
559 506 823 569 constitutionem
846 505 1069 571 translativam
1094 512 1274 592 partesque

203 617 442 679 constitutionis
477 615 636 698 generatis
669 616 796 698 saepius
829 615 1051 679 desideramus
1081 620 1113 679 et
1145 622 1275 682 contro-

200 726 332 805 versias,
372 743 455 808 quaa
478 742 520 787 ex
549 725 665 806 scripto
699 725 869 806 exsistunt,
900 724 961 786 hoc
994 720 1095 807 10001)
1132 724 1168 786 in
1197 729 1272 807 tres,

200 831 286 918 11102)
319 835 353 896 in
387 835 467 897 duas
502 838 608 916 partes
636 832 811 912 distribuit3
852 834 931 916 orrin
955 833 1049 896 etiam
1074 832 1273 920 Antonius³)

202 962 257 1006 eas
294 944 328 1004 in
364 962 463 1006 unam
498 947 620 1025 partem
655 947 833 1006 contractas
868 942 1092 1005 constitutioni
1125 945 1272 1026 generali

201 1050 381 1132 subiunxit,
405 1056 441 1115 ut
462 1051 526 1113 iam
551 1056 625 1115 ante
649 1052 971 1115 commemoravimus
995 1049 1173 1133 paulloque
1199 1058 1272 1135 post

201 1162 384 1239 accuratius
417 1162 519 1244 ipsius
550 1160 657 1224 verbis
692 1178 900 1243 exponemus.
948 1160 986 1223 Id
1021 1179 1128 1222 unum
1159 1165 1269 1226 autem

202 1271 309 1333 statim
334 1271 595 1334 constituendum
630 1274 678 1333 est
701 1268 888 1333 Ciceronem
910 1268 992 1333 illud
1016 1269 1146 1350 vitium,
1182 1271 1269 1352 quod

201 1378 241 1442 de
275 1379 340 1442 inv.
372 1379 398 1457 I,
425 1380 528 1462 13,17
554 1378 1001 1460 etss,·51‚15300mmisit,
1036 1397 1112 1440 cum
1145 1381 1268 1443 statum

201 1488 403 1572 definitivum
427 1489 653 1554 controversiis
675 1507 805 1571 quoque
828 1507 869 1551 ex
893 1489 1011 1570 scripto
1036 1485 1212 1570 subiceret
1235 1489 1268 1551 in

201 1598 351 1663 omnibus
374 1599 464 1663 libris
487 1598 716 1683 posterioribus
746 1616 873 1661 summa
897 1615 971 1659 cum
996 1595 1164 1678 diligentia
1188 1599 1264 1662 vita·

201 1709 304 1787 visse3
330 1709 369 1771 de
385 1709 440 1771 illo
458 1713 565 1771 autem
586 1709 664 1771 vitio
677 1709 747 1790 ipso
771 1706 864 1770 nobis
888 1707 952 1768 iam
974 1705 1056 1767 nibil
1080 1704 1266 1771 addendum

200 1823 257 1897 est,
281 1819 433 1900 quoniam
456 1813 598 1902 Bader‚4)
624 1814 801 1898 Netzlrer,⁵)
827 1812 1023 1895 meinata)
1051 1812 1266 1900 Volkmannb

201 1924 283 1989 hanc
306 1927 474 2017 remsatis
499 1925 639 1988 dilucide
663 1926 843 2008 etcopiose
866 1928 1092 1988 tractaverunt.

304 2035 484 2119 Pergamus
500 2039 615 2111 autem,
640 2053 704 2115 quo
728 2034 844 2098 melius
860 2035 934 2098 illae
957 2033 1164 2114 mutationes,
1186 2052 1265 2116 quas

199 2146 294 2210 modo
318 2146 431 2210 leviter
457 2146 633 2229 tetigimus,
655 2145 961 2225 animadvertantur,
985 2141 1152 2206 Ciceronis
1175 2163 1264 2226 prae·

198 2261 297 2340 cepta,
332 2263 493 2339 quatenus
530 2255 571 2318 ad
609 2256 693 2318 hanc
728 2273 795 2318 rem
830 2254 1000 2337 pertinent,
1039 2252 1167 2316 reterre.
1225 2251 1263 2316 m

200 2363 335 2429 Crassus
355 2367 495 2449 quidem,
517 2367 583 2448 qui,
606 2368 642 2428 ut
664 2366 698 2426 in
716 2364 787 2426 aliis
811 2361 1066 2445 quaestionibus,
1091 2364 1136 2425 ita
1154 2362 1192 2426 in
1208 2363 1264 2433 hac

200 2490 329 2553 quoque
363 2477 506 2537 statuum
539 2474 751 2556 explicatione
774 2474 907 2555 propius
931 2472 971 2535 ad
995 2469 1162 2537 Ciceronis
1194 2491 1263 2536 sen·

197 2577 332 2643 tentiam
362 2583 494 2664 accedit,
522 2602 618 2665 quam
646 2581 815 2664 Antonius,
842 2581 880 2644 de
903 2599 947 2646 or.
972 2580 998 2662 I,
1014 2580 1065 2663 31,
1087 2580 1262 2645 rae-140

198 2689 277 2752 haec
301 2690 420 2754 docuit:
445 2691 501 2773 ,Jn
529 2694 668 2773 utraque
697 2694 806 2753 autem
834 2709 868 2754 re
892 2688 1050 2772 quidquid
1073 2690 1107 2752 in
1137 2696 1262 2756 contro·

199 2801 336 2864 versiam
360 2801 478 2881 veniat,
509 2801 545 2863 in
569 2820 605 2863 eo
639 2801 752 2883 quaeri
784 2801 896 2878 solere,
929 2805 985 2863 aut
1017 2798 1183 2862 factumne
1214 2801 1263 2878 sit,

199 2914 263 2990 aut,
295 2911 323 2972 si
353 2916 401 2975 est
433 2913 564 2993 factum,
599 2908 693 2993 quale
726 2910 777 2991 sit,
806 2914 862 2973 aut
893 2911 998 2990 etiam,
1033 2927 1097 2991 quo
1131 2911 1261 2973 nominc

199 3022 339 3100 vocetur,
363 3024 430 3101 aut,
454 3020 540 3103 quod
563 3019 714 3082 nonnulli
739 3019 872 3102 addunt,
894 3024 1023 3084 rectene
1045 3017 1168 3079 factum
1194 3035 1262 3081 esse

199 3128 358 3192 videatur.
412 3128 483 3192 140.
507 3128 672 3193 Exsistere
696 3135 802 3193 autem
831 3129 1064 3192 controversias
1094 3127 1192 3189 etiam
1221 3144 1261 3189 ex

200 3239 309 3320 scripti
342 3239 613 3321 interpretatione,
650 3240 684 3302 in
725 3257 789 3321 quo
825 3242 880 3300 aut
917 3236 1067 3320 ambigue
1107 3235 1187 3317 quid
1221 3235 1262 3299 sit

303 3743 331 3813 4)
352 3745 409 3809 „De
428 3744 483 3800 Cic.
502 3744 569 3802 rhet.
591 3744 669 3800 libr.“
689 3763 716 3814 p.
736 3751 778 3802 14.

306 3840 333 3903 ὃ)
352 3838 461 3904 „Herm
482 3836 535 3895 Cic.
555 3836 631 3891 Corn.
651 3852 719 3906 quae
737 3838 770 3890 de
789 3838 851 3891 stat.
869 3837 945 3891 doc.“
965 3852 990 3903 p.
1009 3839 1052 3892 30.

370 3930 402 3984 D.
422 3929 484 3984 Ant.
505 3931 530 3983 d.
548 3928 628 3986 Rhat.
649 3930 691 3983 bei
710 3930 735 3984 d.
754 3928 848 3988 Rbm,“
868 3944 927 3997 cap.
945 3927 1007 3981 VII.

369 4021 450 4076 Rhet.
471 4023 495 4077 d.
515 4022 559 4080 Gr.
577 4037 604 4076 u.
624 4021 688 4080 R.“2
708 4039 733 4091 p.
753 4025 795 4078 52.

305 3931 332 3999 6)
353 3971 368 3997 ‚t

307 4024 333 4090 7)
353 4063 367 4087 .,
