2618 4560
550 261 750 324 -106-

118 445 175 503 aut
198 458 240 502 ex
262 438 445 502 inversione
466 437 672 523 verborum;“
696 439 837 521 denique
860 440 954 503 etiam
980 428 1079 503 verba
1104 459 1183 504 con·

119 550 215 613 trarie
238 549 337 612 relata
359 548 436 610 huic
458 549 569 630 generi
591 547 796 613 attribuenda
819 552 904 613 sunt.

225 657 313 734 Quae
336 676 413 721 vero
436 655 571 737 facetiae
597 658 633 720 in
663 656 944 721 rebus‘vcrsantur
962 659 1185 743 maioremque

116 768 309 831 hilaritatem
346 768 488 831 excitare
523 768 635 846 solent,
672 786 783 830 earum
817 767 911 849 plura
946 772 1024 831 sunt
1055 787 1186 852 genera,

118 897 200 962 quae
225 876 340 940 Caesar
364 876 403 940 de
431 896 477 940 or.
512 875 840 958 truanes-tlara
869 878 1087 958 enumeravit;
1127 879 1183 943 sed

118 1006 155 1051 ea
178 987 331 1050 hocloco
355 988 462 1050 omnia
485 985 626 1069 proferre
649 987 782 1069 longum
807 990 855 1050 est
877 1005 985 1070 neque
1007 987 1087 1050 huic
1118 987 1183 1051 dis·

119 1097 285 1161 sentationi
309 1099 570 1178 consentaneum,
595 1097 747 1179 quoniam
771 1096 947 1159 inhaere
975 1097 1057 1159 nihil
1093 1097 1184 1159 alind

117 1207 221 1270 facere
245 1224 422 1287 possemus
447 1224 484 1267 ac
508 1204 674 1270 Ciceronis
698 1207 750 1270 vel
763 1203 907 1269 Caesaris
928 1204 1029 1290 verba
1053 1224 1095 1269 ex
1118 1210 1185 1270 tota

115 1316 171 1379 illa
194 1314 406 1398 explicatione
429 1315 610 1397 transferre,
640 1314 674 1378 id
710 1315 796 1397 quod
830 1319 978 1378 nostrum
1013 1333 1083 1379 esse
1117 1335 1184 1379 non

116 1431 280 1509 putamus.
329 1423 436 1500 Quare
459 1425 536 1489 satis
560 1444 630 1488 esse
653 1425 780 1489 videtur
804 1443 842 1488 ea
865 1428 990 1488 tantum
1005 1425 1101 1489 verba
1125 1445 1185 1489 ex-

119 1535 268 1616 scribere,
292 1533 411 1616 quibus
437 1531 554 1598 Caesar
589 1535 707 1616 omnia,
743 1553 825 1617 quae
860 1535 899 1597 de
927 1534 1048 1599 facetiis
1080 1535 1182 1598 huius

116 1646 244 1728 generis
266 1645 435 1727 praecepit,
459 1643 598 1708 breviter
621 1645 809 1727 complexus
833 1648 893 1726 est;
918 1644 1000 1707 dixit
1032 1644 1120 1707 enim
1144 1645 1185 1709 de

119 1774 162 1818 or.
185 1753 227 1836 II,
254 1753 385 1835 t1,289:
411 1753 519 1836 „Haec
548 1759 665 1836 autem,
699 1772 783 1836 qnae
818 1758 895 1816 sunt
927 1753 961 1816 in
997 1771 1032 1816 re
1068 1757 1100 1817 et
1123 1752 1184 1837 [in]

117 1865 187 1946 ipsa
217 1863 385 1943 sententia,
420 1864 567 1945 partibus
600 1869 678 1927 sunt
712 1863 971 1943 innumerabilia,
1008 1863 1184 1945 generibus

116 1989 229 2053 pauca.
287 1970 592 2053 Exspectaticnibus
631 1973 718 2035 enim
758 1969 957 2054 decipiendis
991 1977 1024 2035 et
1058 1973 1185 2036 naturis

118 2080 255 2143 aliorum
278 2080 460 2163 irridendis,
483 2084 628 2166 ipsorum
657 2082 794 2145 ridicule
817 2081 997 2145 iudicandis
1023 2086 1054 2145 et
1070 2082 1185 2145 simili-

117 2185 230 2254 tudine
253 2193 404 2274 turpioris
428 2197 460 2256 et
484 2193 738 2257 dissimulatione
762 2197 793 2256 et
816 2190 1020 2256 subabsurda
1044 2190 1181 2255 dicendo

117 2304 149 2363 et
171 2301 270 2365 stulta
292 2303 553 2385 reprehendendo
576 2304 662 2366 risus
685 2303 881 2365 moventur.“

223 2479 469 2561 Explicavimus
494 2500 575 2561 quae
600 2479 710 2543 Cicero
734 2481 768 2542 in
798 2479 924 2561 scriptis
948 2479 1117 2543 rhetoricis
1143 2478 1183 2542 de

117 2589 221 2671 prima
244 2594 332 2668 parte
356 2587 454 2650 officii
478 2590 606 2651 oratorii
642 2589 759 2655 docuit.
808 2582 840 2651 si
875 2606 951 2650 vero
987 2584 1083 2650 nobis
1116 2605 1184 2650 non

118 2697 260 2780 contigit,
284 2701 320 2759 ut
343 2701 442 2759 totam
466 2702 565 2760 artem
593 2698 784 2760 rhetoricam
812 2697 845 2758 in
871 2696 931 2758 hac
961 2695 1186 2760 dissertatione

119 2806 356 2871 absolveremus
381 2827 483 2890 eaque
506 2827 541 2872 re
566 2806 751 2871 Ciceronem
775 2788 1056 2868 adulescentulum
1074 2810 1184 2889 'prae-

119 2917 316 2999 cederemus,
341 2919 406 3000 qui,
430 2938 503 2981 cum
528 2917 567 2980 ad
591 2916 797 2980 scribendum
833 2935 867 2980 se
901 2913 1069 2998 conferret,
1103 2917 1183 2980 item

118 3027 152 3087 in
175 3005 279 3110 primo
303 3028 460 3110 opusculo
484 3029 599 3092 ceteris
616 3028 763 3110 partibus
786 3026 905 3088 relictis
922 3025 1185 3106 „inventionem“

67 3179 71 3187 -
118 3140 244 3200 tantum
264 3139 479 3220 pertractavit,
502 3137 584 3200 illud
608 3141 692 3200 certe
715 3155 774 3199 nos
798 3135 940 3197 maxime
952 3135 1044 3195 iuvat
1067 3133 1180 3198 eadem

120 3245 297 3329 perfecisse,
321 3266 404 3329 quae
428 3247 483 3310 ille
505 3250 541 3309 in
563 3247 653 3310 libris
678 3246 736 3329 „de
759 3243 974 3308 inventione“.

552 3429 755 3449 --—⁴—--·

575 3566 729 3647 Errata.

226 3681 296 3751 Lege
315 3700 341 3751 p,
378 3688 396 3739 4
415 3700 440 3736 v.
461 3686 495 3740 18
513 3681 695 3750 quaestionem
749 3695 796 3748 pro
817 3680 994 3747 questionem,

255 3813 270 3837 ,‚
315 3813 329 3839 „
358 3778 393 3829 25
418 3815 433 3840 ,‚
460 3777 492 3828 17
512 3769 599 3826 officio
610 3769 723 3823 oratoris
762 3809 776 3838 ,‚
813 3769 925 3824 materia
944 3769 1017 3825 artis.

257 3901 272 3927 „
312 3901 328 3932 ,‚
355 3865 389 3918 36
414 3902 428 3928 ,‚
453 3864 487 3918 23
507 3875 581 3927 sequ.
759 3902 775 3926 ,‚
812 3859 895 3927 sequi.

254 3989 269 4018 ,‚
310 3991 326 4017 ‚,
354 3954 428 4021 41„
471 3945 663 4016 adepusione
754 3990 769 4018 „
803 3947 971 4016 impulsione.

255 4078 270 4104 ‚‚
314 4079 329 4105 ,‚
357 4043 392 4095 43
417 4081 433 4106 ,,
457 4041 493 4095 20
511 4037 648 4092 continent
759 4078 775 4104 ,‚
813 4037 937 4092 continet.

255 4171 270 4198 ,‚
313 4171 327 4195 ,‚
357 4133 390 4186 rt
417 4170 432 4196 ‚‚
460 4134 493 4185 19
511 4144 561 4182 nos
582 4128 615 4182 ad
759 4168 774 4194 „
811 4142 868 4183 nos.
