2618 4560
628 268 803 329 ..46-

182 442 248 504 uud
274 442 422 525 depulsio
447 443 653 508 entstehende
676 442 777 526 Frage
799 445 913 505 iurene
936 439 1049 504 feeerit
1074 440 1125 505 uls
1142 439 1246 505 Status

182 551 375 615 bezeichnet.
423 551 495 614 Wie
519 553 552 613 in
578 551 657 615 aller
673 551 759 614 Welt
782 550 843 614 soll
867 550 954 614 denn
977 568 1048 613 nun
1075 550 1133 615 die
1152 549 1248 633 Fruge

182 663 294 724 iurene
322 661 433 725 feeerit
448 666 516 726 'aus
552 660 624 724 dem
654 659 763 724 Status
801 659 978 740 entstehen,
1009 659 1069 722 mit
1104 660 1184 724 dem
1208 659 1247 723 sie

182 771 340 833 identisoh
360 770 424 833 ist?
447 768 536 833 Oben
558 771 632 852 8,10
649 769 723 831 lium
743 766 853 831 Cicero
870 786 933 830 von
951 766 1007 830 der
1021 768 1248 851 controveneia,

184 880 254 942 dem
280 874 415 967 ζήτημα,
445 899 518 940 zum
544 879 666 942 Status:
696 879 765 941 hier
788 878 927 940 entsteht
953 895 1014 939 uus
1042 876 1119 939 dem
1145 875 1249 940 Status

185 989 234 1051 die
259 989 486 1068 controversia,
509 988 574 1050 und
601 988 687 1050 diese
716 988 757 1050 ist
786 987 837 1049 die
869 985 1024 1067 quaestio.
1074 983 1145 1049 Der
1171 986 1249 1069 frug·

183 1097 265 1158 llohe
294 1096 416 1178 Begriff
438 1097 501 1158 lost
531 1097 599 1159 sich
627 1113 722 1158 unter
758 1112 878 1157 nnsern
907 1092 1049 1156 Hunden
1077 1095 1113 1156 in
1149 1096 1249 1160 nichts

185 1205 248 1286 auf,
290 1206 349 1266 wie
389 1204 527 1267 Rauoh.“
586 1203 713 1279 Quibus
756 1202 865 1267 verbis
906 1200 1096 1266 ciceronem
1134 1205 1249 1269 iniuria

185 1313 399 1397 reprehendit,
442 1333 515 1376 num
555 1315 583 1377 is
627 1332 789 1395 nusquam
842 1313 1062 1392 quaestionem
1119 1315 1249 1396 „iurene

185 1423 321 1503 feeerit‘,
347 1442 429 1505 quae
453 1443 495 1487 ex
511 1423 698 1507 depulsione
720 1420 907 1484 intentionis
931 1420 1110 1499 exsisteret,
1137 1423 1249 1487 eonsti-

187 1534 344 1596 tutionem
370 1552 439 1597 esse
463 1533 636 1596 contendit.
682 1530 727 1592 At
756 1528 911 1605 definitio,
941 1548 1038 1610 quem
1067 1529 1108 1594 de
1137 1533 1208 1596 inv.
1228 1530 1249 1612 1,

190 1643 263 1720 ulo
289 1642 327 1704 de
352 1644 582 1706 constitutione
606 1641 701 1720 dedit,
725 1642 773 1702 est
796 1636 934 1701 verbum
958 1655 1000 1700 ex
1030 1639 1132 1704 verbo
1161 1642 1248 1707 haee:

187 1750 400 1830 „Constitutio
425 1756 474 1814 est
498 1753 601 1834 prima
624 1747 785 1811 oonllictio
802 1765 973 1810 causarum
998 1764 1040 1809 ex
1064 1746 1252 1830 depulsione

187 1861 376 1922 intentionis
399 1859 547 1941 profecta,
571 1859 631 1920 hon
661 1857 770 1922 modo:
801 1855 938 1933 ,Fecisti‘
964 1853 1047 1937 ,Non
1077 1855 1162 1940 leci‘,
1190 1861 1252 1921 ant:

189 1967 276 2047 ,dure
311 1963 440 2050 feoi‘.“¹)
498 1967 618 2030 lludem
657 1967 780 2028 ratione
816 1949 1078 2028 constitutionem
1115 1968 1252 2030 eircum-

189 2077 314 2158 soripsit
338 2077 377 2140 de
400 2077 468 2143 inv.
491 2077 517 2159 I,
536 2077 585 2158 10,
609 2077 662 2138 13:
689 2073 832 2157 „Deinde
856 2076 883 2138 si
907 2074 1094 2138 constitutio
1121 2080 1157 2140 et
1187 2078 1254 2160 ipsu
1299 2088 1301 2097 ·

190 2192 221 2248 et
254 2204 328 2268 pars
364 2170 435 2250 eius
471 2187 633 2270 quaelibet
672 2185 861 2248 intentionis
899 2183 1044 2265 depulsio
1078 2188 1137 2265 est,
1176 2202 1255 2269 quae

188 2297 375 2359 intentionis
400 2298 544 2378 depulsio
569 2315 634 2360 non
658 2299 714 2376 est,
738 2314 774 2357 ea
798 2311 857 2356 neo
880 2293 1065 2355 constitutio
1097 2312 1257 2378 neopum

189 2406 427 2467 constitutionis
451 2405 528 2468 est.“
575 2402 681 2478 Quid?
705 2422 785 2466 num
809 2403 882 2484 quis
900 2401 1093 2465 contendere
1118 2409 1260 2468 conatur

191 2515 412 2594 quaestionem
450 2513 580 2592 „iurene
616 2512 742 2575 fecerit‘
779 2512 830 2572 vel
868 2511 964 2573 alium
1003 2511 1169 2574 eiusmodi
1210 2514 1259 2576 in·

189 2622 340 2683 tentionis
375 2621 595 2703 depulsionem
631 2620 721 2682 esse?
759 2618 883 2694 Quodsi
918 2639 994 2683 vero
1029 2620 1142 2702 paullo
1182 2626 1259 2687 ante

191 2730 285 2792 dixit:
310 2728 407 2811 „llum
433 2729 531 2812 igitur
555 2729 787 2811 quaestionem,
820 2748 860 2792 ex
885 2749 948 2810 quu
976 2748 1072 2793 causa
1101 2734 1264 2811 nuscitur,

191 2841 451 2903 constitutionem
494 2839 718 2922 appellemus,“
762 2837 954 2900 vocabulum
993 2841 1265 2920 „quuesti0nem“

192 2949 232 3010 ad
259 2950 315 3010 ille
349 2947 457 3029 verba,
487 2967 570 3028 quae
606 2947 815 3010 outeoedunt:
853 2946 985 3029 „Omnis
1019 2967 1071 3012 res
1097 2999 1104 3014 .
1129 2998 1135 3012 .
1164 2998 1172 3014 .
1206 2958 1266 3017 unt

191 3058 265 3119 facti
305 3062 360 3118 aut
400 3057 539 3119 nominis
578 3066 634 3118 aut
671 3058 798 3138 generis
837 3061 892 3119 aut
935 3058 1070 3121 actionis
1114 3062 1268 3127 eontinet

192 3165 434 3249 quaestionem“
467 3164 584 3226 referre
619 3164 785 3245 debemus,
813 3183 878 3226 non
909 3167 953 3228 itu
981 3168 1198 3253 interpretari,
1228 3179 1268 3236 ut

195 3275 303 3339 eudem
339 3272 508 3356 significet,
549 3291 632 3353 quae
672 3273 889 3355 interrogatio.
949 3273 1015 3338 Suo
1054 3279 1125 3341 iure
1160 3279 1270 3363 igitur

193 3383 301 3445 Cicero
326 3383 576 3445 controversiam
601 3399 641 3442 ex
666 3380 869 3445 conflictione
902 3403 1082 3469 causarum,
1115 3389 1168 3468 „in
1196 3410 1269 3473 qua

189 3492 376 3556 constitutio
389 3491 530 3553 constut‘
543 3498 726 3551 nascentem
739 3492 868 3573 proprio
881 3494 1011 3556 nomine
1019 3497 1269 3576 „quaostionis“

192 3602 377 3686 appellavit,
402 3601 477 3661 item
508 3599 541 3658 in
566 3599 732 3679 exemplis,
763 3598 883 3680 quibus
911 3600 944 3661 in
974 3601 1071 3665 altero
1099 3605 1269 3673 librorum

190 3714 248 3796 „de
263 3703 493 3786 inventione‘⁸²)
512 3706 656 3786 singulas
668 3707 913 3770 constitutiones
930 3709 1113 3794 illustravit,
1131 3733 1270 3801 semper

299 3870 324 3938 l)
337 3822 390 3923 ἐὴ.
401 3864 555 3920 Victorinus
566 3861 607 3915 ed.
617 3859 710 3914 Halm:
731 3861 827 3928 „unet
836 3861 884 3918 lat.
895 3862 976 3919 min.“
995 3881 1021 3932 p.
1035 3867 1086 3920 193
1097 3881 1167 3923 vers.
1180 3874 1270 3930 5-6,

300 3961 326 4029 2)
346 3962 378 4015 de
404 3960 457 4013 inv.
481 3956 518 4023 ΙΙ,
545 3958 639 4021 17,52;
669 3954 762 4023 20,60;
792 3956 885 4016 21-62ς
915 3956 1008 4023 283ος
1038 3958 1132 4022 24,73;
1163 3966 1267 4035 2639,

193 4058 286 4121 29,87;
306 4058 395 4119 3292·
