2618 4560
519 253 693 314 ...13-

77 428 319 511 quaestionibus
354 429 488 491 infinitis
523 431 684 513 copiosius
719 436 864 513 agentem
890 436 986 514 atque
1010 455 1139 499 accura-

75 540 140 602 tius
164 539 410 622 praecipientem
434 538 519 617 fecit,
543 545 574 601 et
597 539 665 621 ipse
685 557 738 603 aas
763 559 826 603 non
852 542 921 605 sine
944 545 1044 608 multa
1069 546 1142 608 dili·
1190 538 1192 543 ’

75 649 183 730 gentia
207 647 332 711 duobus
356 647 435 712 locis
460 650 616 711 tractavit.

183 759 275 824 Nunc
306 777 379 822 vero
402 759 541 839 primum
565 758 684 821 referre
706 746 867 840 volumus,
903 761 980 841 quid
1005 761 1141 827 Crassus

76 869 115 931 ae
150 888 192 932 or.
226 868 285 950 ur,
310 867 592 948 aurii-aoprs
621 867 659 930 ae
688 869 915 949 quaestionum
938 869 1138 934 infinitarum
1235 855 1244 871 “

74 979 246 1060 partitione
280 977 434 1057 docuerit,
463 976 656 1058 quibuscum
681 978 786 1040 statim
810 977 1022 1060 conferuntur,
1056 1001 1142 1063 quae

76 1085 184 1150 Cicero
208 1092 272 1171 top.
298 1086 537 1167 21,81-22,86
563 1086 602 1149 de
626 1086 735 1149 eadem
759 1105 794 1150 re
809 1089 976 1171 praecepit,
999 1089 1032 1151 id
1052 1091 1140 1172 quod

75 1205 241 1278 propterea
266 1197 422 1280 optimum
448 1214 517 1259 esse
545 1199 709 1278 putamus,
733 1197 808 1278 quia
831 1198 959 1278 partitio
984 1198 1033 1262 his
1056 1200 1141 1262 locis

74 1306 168 1387 piane
192 1307 300 1370 eadem
327 1311 384 1370 est.
421 1305 480 1368 Est
498 1306 596 1387 igitur
620 1305 790 1387 explicatio
814 1307 905 1369 haec:

75 1415 177 1478 deor.
199 1416 259 1498 111,
281 1415 578 1498 ualli-euple:
714 1419 778 1497 top.
803 1412 1058 1498 aqut-auso:

74 1524 208 1605 ialal:
243 1524 375 1607 „Omnis
403 1527 504 1607 igitur
527 1544 578 1588 res

73 1636 209 1699 eandern
231 1636 326 1699 habet
347 1639 494 1698 naturam
512 1654 578 1696 anr-

74 1746 219 1828 bigendi,
246 1746 285 1809 de
314 1765 379 1830 qua
407 1746 518 1827 quaeri
547 1749 578 1807 et

74 1856 242 1938 disceptari
258 1860 370 1938 potest,
392 1855 511 1918 sivein
528 1856 576 1916 in-

69 1965 172 2028 finitis
207 1963 494 2028 consultationibus
535 1963 578 2025 di-

70 2080 233 2158 sceptatur
256 2078 324 2138 sive
347 2075 381 2137 in
399 2075 445 2137 eis
461 2056 577 2152 causis,

71 2204 153 2268 quae
186 2187 220 2247 in
251 2185 378 2248 civitate
413 2188 444 2246 et
473 2184 507 2244 in
529 2181 576 2243 fo·

69 2295 158 2358 rensi
186 2294 416 2376 disceptatione
445 2310 574 2355 versan-
633 2292 738 2375 21,81.
769 2293 1005 2370 Quaestionum
1019 2301 1144 2376 autem,

68 2410 139 2485 tur;
176 2423 280 2487 neque
310 2401 456 2484 astulia,
492 2419 575 2484 quae
631 2423 835 2486 quacumque
850 2403 888 2468 de
911 2423 946 2467 re
962 2409 1046 2481 sunt,
1073 2405 1137 2467 duo

67 2534 134 2576 non
163 2519 219 2578 ant
247 2516 285 2577 ad
315 2512 575 2596 cognoscendi
631 2511 1137 2598 [sunt]genera:ununrcogni-

68 2631 126 2688 aut
161 2625 200 2687 ad
224 2624 370 2707 agendi
394 2625 457 2686 vim
483 2624 574 2685 ratio·
629 2625 765 2701 tionis,
797 2624 932 2687 alterum
957 2627 1135 2688 actionis.

65 2734 473 2818 nemquereferatur.li2.
491 2732 573 2796 Nam
631 2734 682 2797 82.
725 2732 922 2815 Cognitionis
961 2739 1039 2796 sunt
1072 2753 1139 2817 eae,

66 2852 124 2908 aut
141 2838 219 2928 'ipsa
243 2844 382 2925 cognitio
406 2845 452 2907 rei
476 2844 574 2906 scien·
630 2862 769 2926 quarum
794 2847 842 2904 est
856 2842 929 2904 finis
942 2843 1073 2904 scientia
1087 2891 1093 2904 .
1106 2890 1133 2907 ..

66 2956 179 3038 tiaque
202 2953 399 3037 perquiritur
424 3000 430 3013 .
455 3001 461 3014 .
486 3000 493 3015 .
519 2958 575 3015 aut

67 3063 184 3147 agendi
218 3063 391 3126 consilium
427 3063 574 3144 exquiri·
628 3059 775 3123 Actionis
810 3063 917 3123 autern
948 3061 1135 3124 huiusmodi

65 3182 120 3238 tur
144 3224 150 3237 .
175 3223 181 3236 .
205 3221 211 3236 .
629 3169 777 3252 exempla
793 3173 881 3232 sunt:
907 3167 995 3231 Sitne
1010 3171 1134 3251 sapien·

594 3362 596 3367 .
627 3280 668 3341 tis
697 3280 736 3342 ad
767 3278 1020 3361 rempublicam
1046 3299 1134 3345 acce·

289 3459 291 3464 A
594 3388 596 3465 t
628 3389 712 3452 dere.

67 3504 140 3566 113.
183 3501 429 3587 Cognitionis
463 3503 595 3562 autem*
626 3495 868 3581 Cognitionis
930 3501 1133 3580 quaestiones

65 3619 130 3677 tres
155 3613 471 3694 modi„conieotura,
495 3608 595 3693 defi-a
626 3610 801 3691 tripertitae
835 3611 924 3670 sunt:
963 3613 1018 3670 aut
1041 3610 1132 3691 sitne,

64 3724 163 3804 nitius
178 3729 218 3804 et,
240 3727 277 3786 ut
299 3724 344 3785 ita
361 3723 472 3801 dicam,
497 3726 595 3791 con-t¹
626 3723 681 3781 aut
705 3719 781 3800 quid
806 3719 855 3797 sit,
884 3721 938 3778 aut
961 3717 1056 3798 quale
1080 3722 1132 3802 sit,

64 3833 195 3898 secutio.
250 3831 335 3894 Nam
369 3830 448 3914 quid
476 3831 512 3892 in
535 3798 595 3907 re!
626 3829 798 3910 (quaeritur.
845 3825 971 3888 Horum
989 3826 1129 3908 primunr

64 3945 105 4009 sit
127 3943 314 4006 coniectura
338 3941 569 4022 quaeritur
591 3910 594 4029 Ῐ
624 3939 815 4016 coniectura,
849 3937 1027 4000 secundum
1052 3938 1128 4002 defi-

64 4050 167 4126 Quam
199 4057 304 4114 autem
335 4051 397 4112 sint
423 4032 593 4132 quaeque!
624 4050 754 4129 uitione,
777 4049 906 4110 tertium
931 4047 1010 4109 iuris
1033 4036 1129 4109 etin-
