2618 4560
501 266 680 328 ,29-

59 443 191 526 quidem
225 442 265 506 de
300 442 438 506 statibus
471 443 664 525 exquisitius
696 447 729 506 et
760 443 943 508 distinctius
968 444 1131 527 disseruit,

58 544 179 617 utiam
203 571 303 634 supra
326 552 660 632 commemoravimus,
684 551 723 614 de
746 552 812 616 inv.
836 551 861 634 Ι,
879 555 908 635 8,
924 553 1062 634 10-13,
1077 555 1126 618 18.

58 661 150 737 Quae
182 664 221 723 ut
253 651 512 726 demonstremus
543 660 623 723 nihil
646 680 728 743 opus
753 665 810 743 est,
838 681 936 744 quam
960 668 997 726 ut
1019 665 1128 727 omnia

57 772 216 855 graviora,
250 789 335 851 quae
370 771 412 833 ad
444 771 528 833 hano
560 788 628 832 rem
664 771 837 853 pertinent,
872 771 1127 838 conscribamus.

58 879 152 943 Dixit
173 881 273 962 igitur
295 881 316 945 l.
341 899 385 942 o:
410 877 542 961 „Omnis
565 898 627 960 res,
651 898 734 961 quae
756 879 852 943 habet
874 882 909 943 in
933 899 968 944 se
991 882 1124 963 positam

56 992 92 1053 in
119 990 257 1052 dictione
285 1008 322 1052 ao
351 988 580 1071 disceptatione
611 987 753 1070 aliquam
777 991 1039 1064 controversiam,
1069 995 1129 1053 aut
1181 1000 1183 1004 “

56 1099 144 1162 faeti
171 1097 230 1161 aut
270 1098 412 1161 nominis
452 1103 509 1161 aut
546 1099 674 1180 generis
716 1101 772 1160 aut
812 1099 946 1161 aetionis
985 1100 1129 1164 continet
1166 1148 1168 1152 -

58 1205 292 1291 quaestionem.
397 1205 478 1268 Ourn
513 1206 589 1269 faeti
623 1208 841 1270 controversia
875 1212 933 1289 est,
972 1211 1125 1290 quoniam

58 1317 257 1380 coniecturis
291 1334 390 1379 causa
427 1316 644 1392 confirmatur,
681 1317 866 1379 constitutio
900 1319 1129 1382 coniecturalis

57 1426 249 1510 appellatur.
301 1425 383 1488 Cum
407 1445 448 1488 au
451 1430 515 1490 tem
539 1426 688 1506 nominis,
722 1427 799 1507 quia
821 1427 871 1489 vis
894 1427 1043 1491 vocabuli
1072 1428 1128 1492 de-

55 1535 203 1598 finienda
226 1534 333 1598 verbis
358 1547 415 1617 est,
427 1536 545 1598 constit
546 1536 614 1598 utio
569 1534 758 1598 tdefinit
736 1539 802 1597 trva
824 1537 1016 1599 nominatur.
1044 1536 1124 1600 (lum

58 1664 148 1726 vero,
171 1644 276 1727 qualis
299 1662 352 1708 res
375 1645 425 1726 sit,
449 1644 628 1726 quaeritur,
656 1644 732 1724 quia
757 1639 812 1728 [et]
838 1644 877 1707 de
900 1647 932 1708 vi
956 1649 987 1708 et
974 1645 1049 1709 tde
1072 1665 1128 1728 ge·

57 1773 140 1817 nere
163 1754 283 1836 negotii
300 1754 518 1818 controversia
537 1757 594 1834 est,
610 1753 796 1817 constitutio
811 1755 969 1836 generalis
985 1759 1128 1818 vocatur.

57 1864 104 1927 At
126 1882 199 1926 oum
225 1881 267 1926 ex
289 1882 327 1928 eo
350 1864 478 1946 pendet,
511 1863 589 1945 quia
621 1881 686 1925 non
720 1867 776 1926 aut
806 1865 834 1927 is
867 1883 961 1947 agere
987 1865 1128 1948 videtur,

59 1986 159 2057 quem
183 1977 317 2055 oportet,
351 1977 406 2036 aut
437 1969 530 2056 [non]
563 1991 637 2035 oum
666 1990 712 2051 eo,
749 1973 882 2055 quinum
904 1979 1035 2057 oportet,
1070 1980 1127 2038 aut

60 2079 155 2168 [non]
183 2083 269 2165 apud
294 2101 384 2165 quoe,
417 2101 480 2164 quo
511 2085 662 2164 ternpore,
692 2102 757 2164 qua
780 2084 860 2165 lege,
895 2103 960 2165 quo
983 2084 1127 2165 crimine,

58 2212 125 2276 qua
149 2211 252 2275 poena
276 2195 407 2274 oportet,
442 2190 631 2254 translativa
666 2190 784 2253 dieitur
818 2194 1013 2272 constitutio,
1049 2195 1125 2274 quia

57 2303 144 2364 aetio
184 2301 403 2365 translationis
444 2305 476 2364 et
517 2300 777 2362 commutationis
809 2299 953 2383 indigere
987 2301 1124 2366 videtur.

56 2415 170 2494 Atque
204 2411 321 2473 harum
358 2411 499 2492 aliquam
530 2409 564 2471 in
598 2426 692 2471 omne
721 2426 837 2472 causae
857 2429 959 2492 genus
981 2410 1127 2475 innidere

56 2516 193 2583 neeesse
228 2525 286 2584 est.
331 2518 413 2582 Nam
441 2521 475 2581 in
500 2538 601 2601 ¹quam
629 2536 694 2580 rem
730 2536 796 2580 non
824 2518 983 2600 inciderit,
1019 2522 1053 2583 in
1078 2539 1125 2585 ea

57 2626 145 2692 nihil
179 2647 249 2692 esse
276 2630 393 2711 poterit
421 2628 674 2707 controversiam
712 2645 813 2709 quare
837 2645 906 2690 earn
930 2647 972 2692 ne
995 2649 1126 2694 causam

57 2738 195 2821 quidem
230 2739 381 2802 convenit
407 2741 523 2821 putari.
572 2738 665 2819 8,ll.
710 2737 759 2798 Ao
788 2735 861 2799 faeti
895 2740 1025 2818 quidem
1050 2759 1126 2802 con·

56 2845 246 2928 troversia¹)
270 2848 305 2909 in
329 2849 436 2910 omnia
463 2852 605 2930 tempora
633 2850 738 2928 potest
762 2844 872 2907 tribui.
919 2845 1010 2926 Nam,
1046 2846 1125 2928 quid

57 2959 181 3021 factum
205 2959 254 3038 sit,
286 2961 391 3039 potest
422 2959 533 3039 quaeri
558 3007 564 3021 .
590 3005 598 3021 .
623 3003 632 3018 .
657 2959 688 3018 et
712 2953 792 3036 quid
814 2953 871 3031 fiat
895 3004 901 3017 .
927 3003 933 3016 .
957 3002 965 3018 .
990 2955 1124 3038 etquid

57 3068 208 3130 futurum
231 3068 272 3130 sit
305 3114 313 3131 .
339 3115 346 3129 .
372 3117 379 3130 .
427 3063 602 3151 Nominis²)
633 3070 681 3128 est
716 3066 940 3146 controversia,
975 3084 1049 3127 oum
1085 3065 1127 3127 de

55 3178 144 3240 facto
168 3161 320 3239 convenit
342 3180 373 3238 et
397 3178 572 3258 quaeritur,
595 3175 627 3237 id
653 3164 884 3256 quod'faotum
909 3179 955 3237 est
980 3193 1042 3255 quo
1066 3192 1125 3235 no·

57 3287 148 3350 mine
171 3284 358 3367 appelletur.
383 3334 391 3351 .
417 3336 424 3350 .
450 3335 456 3348 .
493 3284 601 3360 Quare
629 3285 662 3346 in
692 3282 851 3347 eiusmodi
873 3282 1047 3365 generibus
1071 3282 1125 3345 de·

56 3394 202 3459 finienda
233 3412 285 3457 res
323 3396 384 3457 erit
418 3394 526 3458 verbis
558 3398 589 3457 et
619 3392 761 3456 breviter
793 3389 1012 3455 describenda.
1050 3440 1056 3452 .
1086 3443 1092 3457 .

33 3486 155 3587 Ι9,12.
206 3501 369 3588 Generisss)
404 3509 452 3568 est
480 3503 705 3582 controversia,
739 3521 813 3564 oum
842 3507 873 3564 et
903 3502 981 3584 quid
1004 3501 1125 3564 factum

59 3616 110 3697 sit,
134 3615 295 3694 convenit,
319 3619 359 3694 et,
384 3633 448 3696 quo
466 3614 499 3677 id
516 3615 636 3676 factum
654 3612 786 3674 nomine
804 3612 955 3694 appellari
973 3615 1123 3693 oporteat,

58 3727 199 3801 constan
235 3727 267 3786 et
299 3727 417 3798 tamen,
455 3728 610 3805 quantum
645 3732 676 3784 et
710 3721 893 3783 cuiusmodi
923 3724 954 3782 et
993 3719 1126 3782 omnino

164 3885 190 3954 1)
210 3886 256 3940 olr.
276 3880 308 3932 de
326 3880 382 3937 inv,
400 3879 439 3948 11,
459 3885 485 3948 4,
497 3886 538 3938 14.

152 3972 555 4046 ffifflmmssflae.

166 4067 259 4135 3leir.
279 4066 338 4121 de
329 4066 414 4121 mul
401 4066 437 4136 ll,
456 4069 499 4128 21,
510 4067 553 4119 62.
