2618 4560
519 215 696 280 ..23-

74 393 228 476 quitatem
245 391 372 472 generis
388 393 550 457 iudicialis
573 393 669 458 finem
695 413 764 458 esse
787 414 853 457 non
877 399 1007 479 negaret
1029 415 1136 478 neque

72 522 144 566 eam
168 502 364 566 excluderet.

179 611 219 674 In
254 610 538 675 deliberationibus
563 612 752 676 Aristoteles
776 611 921 676 Ciceroni
945 613 1134 678 adulescen-

71 721 142 784 tulo
167 739 231 782 non
254 703 414 803 satisfecit,
446 741 522 785 cum
545 722 715 785 utilitatem
739 742 850 786 earum
873 721 970 785 finem
996 740 1065 785 esse
1089 723 1136 784 di-

72 834 166 893 ceret.
211 828 326 912 Itaque
350 832 388 894 de
412 833 477 894 inv.
501 830 542 912 Il,
566 833 595 912 4,
622 831 661 893 12
686 832 763 895 haec
787 833 929 914 scripsit:
967 880 982 912 „
1005 879 1012 893 .
1037 879 1045 894 .
1071 880 1077 893 .
1100 832 1135 892 in

71 939 369 1022 deliberationibus,
403 945 440 1004 ut
474 961 533 1004 nos
558 940 759 1020 arbitramur,
797 941 874 1024 quid
898 941 1068 1003 honestum
1093 941 1136 1003 sit

70 1047 204 1130 etquid
229 1050 309 1113 utile
335 1046 391 1134 [sc.
417 1047 603 1135 quaeritur]⁸
650 1050 732 1114 Nam
757 1051 852 1114 ceteri
876 1049 1024 1113 utilitatis
1040 1049 1134 1111 modo

26 1142 29 1146 “
67 1156 168 1220 finem
202 1158 236 1218 in
269 1159 435 1222 suadendo
470 1165 500 1222 et
534 1161 567 1221 in
600 1159 814 1223 dissuadendo
850 1160 968 1242 exponi
991 1162 1135 1240 oportere

68 1265 214 1329 arbitrati
229 1267 335 1333 sunt.“
371 1267 450 1332 Item
466 1269 680 1349 ,honestatem
694 1274 725 1332 et
738 1268 930 1331 utilitatem“
941 1269 1085 1350 poposcit
1096 1267 1134 1330 de

66 1376 134 1438 inv.
156 1374 200 1457 II,
230 1376 281 1457 51,
307 1377 387 1456 1563
426 1378 476 1460 52,
502 1377 579 1459 158,
617 1378 656 1440 de
680 1396 724 1443 or.
750 1377 794 1458 Il,
817 1376 868 1458 82,
895 1376 971 1456 3353
997 1377 1031 1439 in
1055 1376 1131 1440 reli-

68 1485 143 1567 quis
167 1489 276 1549 autem
300 1485 391 1549 libris
414 1484 610 1566 rhetoricis1)
643 1487 724 1549 nihil
754 1487 817 1549 nisi
840 1486 1012 1548 utilitatem
1037 1504 1134 1567 expe-

66 1594 198 1657 tendam
234 1613 304 1658 esse
328 1596 418 1658 dixit.
476 1594 568 1670 Quod
594 1596 703 1659 dicero
733 1595 921 1658 adulescens
946 1594 985 1656 ab
1010 1595 1133 1657 Aristo·

66 1704 131 1767 tele
165 1705 199 1787 in
230 1705 288 1766 hac
323 1723 357 1767 re
391 1705 575 1769 dissentiret
610 1706 873 1787 honestatemque
898 1723 971 1766 cum
996 1703 1134 1768 utilitate

66 1813 275 1876 coniunctam
307 1815 424 1876 oratori
447 1816 662 1896 quaerendam
688 1830 756 1878 esse
781 1815 916 1892 doceret,
939 1810 1063 1876 factum
1086 1821 1135 1875 cst

65 1941 110 1986 ex
135 1942 181 2003 eo,
207 1923 477 2006 quemadmodum
503 1930 612 1988 nostra
635 1925 697 1987 fert
721 1926 839 2006 opinio,
863 1922 948 2006 quod
971 1923 1039 2004 ipse
1064 1941 1133 1984 ora-

64 2038 118 2096 tor
142 2052 207 2095 non
231 2052 272 2096 ex
296 2033 459 2096 rhetorum
484 2034 629 2115 officinis,
657 2035 714 2096 sed
737 2053 780 2096 ex
803 2033 998 2096 Academiae
1023 2033 1133 2114 spatiis

65 2138 229 2224 exstitit.²)
289 2140 368 2205 Cum
399 2148 507 2206 autem
530 2145 565 2205 in
595 2142 686 2206 libris
716 2143 891 2221 rhetoricis,
927 2158 1007 2222 quos
1031 2144 1133 2203 aetate

64 2253 132 2314 iam
168 2250 372 2314 corroborata
396 2253 531 2334 scripsit,
564 2252 733 2315 utilitatem
758 2252 852 2314 modo
877 2250 1030 2312 orationis
1054 2249 1133 2312 deli-

63 2360 230 2423 berativae
252 2359 349 2423 finem
374 2379 444 2424 esse
468 2362 595 2441 diceret,
619 2362 796 2425 certissime
819 2359 997 2422 illudante
1022 2358 1133 2421 oculos

61 2468 213 2550 habebat,
237 2470 325 2552 quod
349 2468 520 2533 exhibetur
544 2471 582 2532 de
606 2469 656 2532 ofi.
679 2469 738 2550 ΙΙΙ,
763 2470 793 2552 4,
818 2469 874 2532 20:
905 2517 921 2550 „
946 2519 952 2532 .
978 2517 986 2533 .
1012 2517 1019 2531 .
1043 2468 1133 2550 quic-

66 2579 148 2662 quid
171 2579 342 2642 honestum
366 2583 423 2659 est,
458 2580 542 2642 idem
567 2580 645 2642 utile
669 2579 804 2660 uidetur,
836 2597 896 2642 nec
921 2579 1007 2658 utile,
1045 2577 1133 2661 quod

62 2707 132 2750 non
167 2689 404 2753 honestum..
432 2690 458 2752 .“
505 2687 653 2752 Officium
690 2695 797 2752 autem
833 2689 967 2751 oratoris
995 2689 1029 2749 in
1059 2707 1133 2750 sua-

62 2797 171 2859 dendo
206 2802 256 2860 cst
290 2802 346 2859 aut
381 2816 469 2879 spem
503 2803 559 2861 aut
593 2798 884 2860 reformidationem
924 2796 1131 2859 deliberantis

62 2903 244 2991 excitare,³)
266 2910 362 2989 prout
384 2906 475 2978 illud,
501 2908 543 2970 ‘de
568 2926 631 2990 quo
656 2907 846 2987 disputatur,
877 2909 944 2991 ipse
967 2904 1037 2967 fieri
1061 2906 1132 2967 vult
1184 2892 1186 2896 Α

65 3019 212 3078 autnon
237 3017 316 3081 vult.
979 3004 981 3009 ⁸

172 3123 211 3187 In
234 3144 352 3208 genere
375 3126 624 3188 demonstrativo
649 3125 797 3208 denique,
821 3125 908 3208 quod
932 3127 1024 3207 quasi
1039 3126 1131 3188 incu-

60 3233 184 3297 nabula
219 3237 355 3298 oratoris
391 3239 524 3298 vocatur
557 3254 602 3298 or.
639 3236 689 3312 13,
719 3236 771 3314 42,
807 3234 1035 3317 explicandum
1072 3238 1132 3311 est,

62 3343 144 3427 quid
180 3340 420 3424 „honestum“4)
459 3345 508 3423 sit,
541 3343 592 3406 vel
623 3341 847 3430 „honestasl‘,⁵)
879 3346 912 3408 in
948 3362 1050 3427 eoque
1085 3347 1132 3407 est

172 3647 199 3716 1)
217 3649 250 3702 de
269 3664 306 3702 or.
325 3647 349 3713 Ι,
370 3652 412 3712 31,
434 3651 493 3705 141.
512 3649 566 3715 top.
587 3653 629 3712 24,
648 3650 691 3704 91.
729 3651 761 3703 de
781 3653 845 3718 part.
866 3667 904 3704 or.
923 3654 966 3712 24,
985 3652 1029 3706 83.

173 3741 199 3807 2)
219 3756 255 3793 or.
275 3745 300 3805 3,
320 3743 361 3796 12.
400 3739 433 3791 de
451 3741 519 3808 part.
538 3754 574 3795 or.
595 3743 638 3803 40,
659 3744 717 3797 139.

172 3831 199 3901 3)
218 3832 251 3884 de
269 3833 340 3898 part.
359 3847 396 3887 or.
415 3839 440 3895 4,
459 3835 501 3886 ll.

172 3923 200 3989 4)
220 3923 252 3976 de
270 3922 322 3977 inv.
343 3922 377 3988 Il,
397 3927 423 3990 4,
443 3929 484 3982 12.

172 4019 198 4080 5)
220 4015 252 4067 de
270 4015 325 4069 inv.
344 4014 380 4078 ll,
400 4020 442 4078 51,
465 4018 523 4072 156.
560 4015 613 4083 top.
633 4018 676 4080 24,
695 4017 738 4070 91.
776 4013 808 4066 de
826 4016 894 4082 part.
914 4030 951 4071 or.
971 4019 1013 4079 21,
1033 4018 1075 4069 71.
