2618 4560
562 185 737 251 -57-

110 364 140 427 si
163 364 224 426 hoc
243 364 460 446 praecipiendi
477 351 603 446 tempus
620 368 703 429 esset
729 413 736 427 .
760 412 767 427 .
792 368 821 442 3⁴⁴
846 365 960 430 deinde
976 365 1087 428 eadem
1110 365 1176 430 fere

107 473 194 535 dixit
218 491 261 535 or.
287 473 434 551 31,112:
460 473 564 555 „Illud
587 478 704 555 tamen,
728 473 903 557 quodiam
927 479 1000 537 ante
1025 474 1176 555 diximus,

105 583 190 645 nihil
213 600 272 644 nos
295 583 510 664 praecipiendi
526 603 624 646 causa
640 601 712 646 esse
729 583 871 645 dicturos
890 587 987 666 atque
1010 585 1053 646 ita
1069 585 1177 666 potius
1236 617 1238 623 ·

104 695 293 772 acturos,ut
305 692 717 756 existimatoresvideamur
728 692 828 774 loqui,
838 709 902 754 non
913 693 1092 775 magistri;“
1104 699 1174 757 tum

104 801 247 882 legimus
259 819 303 864 or.
320 802 463 883 33,117;
480 801 641 884 „Quando
659 806 768 864 autem
784 805 839 863 aut
853 801 1012 882 quomodo
1035 802 1068 865 id
1081 802 1176 865 faeiat

104 911 190 973 nihil
213 910 254 974 ad
281 911 342 973 hoo
374 915 512 994 tempus,
541 912 703 993 quoniam,
730 914 767 973 ut
799 929 898 992 supra
926 909 1004 992 dixi,
1034 911 1174 974 iudicem

103 1039 179 1084 esse
203 1039 265 1100 me,
289 1039 355 1083 non
379 1022 539 1085 doctorem
564 1021 670 1101 volo;“
694 1019 815 1082 accedit
838 1007 933 1082 etiam
957 1040 1000 1083 or.
1026 1022 1078 1099 35,
1099 1022 1176 1083 123:

103 1127 290 1211 „Quoniam
318 1134 425 1193 autem
451 1149 516 1193 non
545 1148 641 1212 quem
671 1129 802 1192 doceam
835 1147 964 1210 quaero,
989 1131 1044 1193 sed
1079 1149 1174 1213 quem
1247 1158 1249 1163 s

104 1237 253 1320 probem,
261 1237 402 1320 probabo
419 1289 427 1304 .
452 1287 460 1302 .
485 1240 509 1302 .“
523 1246 555 1303 et
567 1240 606 1302 ad
620 1242 800 1302 extremum
815 1236 963 1301 afferatur
973 1257 1017 1303 or.
1029 1240 1082 1310 41,
1096 1234 1173 1301 141':

106 1347 194 1425 „Sed
230 1348 258 1410 si
284 1347 435 1429 profitear
457 1384 501 1394 -
525 1348 610 1430 quod
640 1348 766 1409 utinam
794 1347 936 1428 possem!
962 1383 1005 1393 -
1028 1367 1079 1413 me
1109 1353 1175 1410 stu-

106 1456 210 1520 diosis
230 1456 359 1520 dicendi
373 1463 541 1540 praecepta
557 1461 588 1521 at
605 1457 696 1539 quasi
708 1456 784 1536 vias,
803 1473 885 1538 quae
902 1455 941 1519 ad
959 1457 1175 1539 eloquentiam
1262 1481 1265 1487 ·

106 1565 239 1648 ferrent,
261 1566 470 1630 traditurum:
496 1567 569 1649 quis
592 1565 726 1628 tandem
749 1563 782 1626 id
804 1566 912 1628 iustus
935 1583 1044 1628 rerum
1064 1567 1176 1630 existi-

109 1679 212 1760 mator
234 1675 485 1757 reprehendetl“
510 1673 633 1749 Quibus
657 1693 699 1737 ex
721 1674 802 1736 locis
825 1673 903 1737 haee
937 1677 1173 1764 cognoscimus:

110 1779 220 1846 Cicero
248 1784 282 1845 in
312 1785 470 1865 „oratore“
499 1804 565 1847 non
595 1784 747 1867 magister
777 1783 828 1845 vel
856 1783 966 1846 doctor
994 1786 1072 1848 artis
1107 1785 1176 1848 rhe-

114 1893 228 1956 toricae
251 1899 418 1976 praecepta
442 1894 537 1973 dedit,
553 1894 609 1958 sed
625 1894 854 1957 existimatoris
877 1893 928 1957 vel
947 1893 1065 1958 iudicis
1081 1894 1176 1957 modo

119 2001 294 2083 explicavit,
325 2003 412 2086 quod
440 2004 642 2086 eloquentiae
659 2016 774 2085 ‘genus
802 2022 967 2066 summum
996 2006 1027 2064 et
1055 2001 1176 2083 perfec-

121 2109 272 2175 tissimum
295 2114 453 2178 iudicarat
483 2119 549 2194 aut,
573 2116 609 2175 ut
641 2114 769 2194 scripsit
801 2133 847 2176 or.
872 2113 937 2192 2,7:
968 2112 1019 2192 „in
1050 2100 1175 2174 summo

120 2224 236 2283 oratore
257 2219 409 2305 fingendo
433 2222 528 2287 talam
551 2222 742 2285 informare“
760 2219 873 2302 voluit,
893 2219 1018 2302 „qualis
1040 2219 1176 2282 fortasse

118 2345 206 2391 nemo
234 2330 328 2410 fuit;“
362 2331 397 2394 id
434 2352 536 2395 unum
571 2333 670 2414 igitur
704 2332 738 2393 in
773 2331 935 2413 „oratore“
970 2330 1105 2408 studuit,
1139 2335 1176 2391 ut

112 2435 244 2503 formam
268 2445 300 2503 et
323 2440 461 2524 speciem
483 2443 759 2524 praestantissimi,
773 2440 1007 2525 perfectissimi,
1024 2439 1177 2521 eloquen-

108 2546 227 2611 tissimi
261 2550 395 2612 oratoris
427 2554 501 2612 ante
536 2550 647 2614 oculos
682 2545 854 2634 poneret1)
907 2547 997 2623 Quae
1016 2569 1098 2612 cum
1131 2549 1177 2612 ita

106 2662 227 2738 essent,
248 2660 290 2722 iis
313 2658 468 2742 partibus,
498 2678 580 2740 quae
608 2661 637 2723 ei
665 2680 731 2723 non
759 2661 804 2722 ita
831 2677 945 2742 graves
969 2661 1056 2723 visae
1089 2665 1176 2736 sunt,

105 2769 296 2847 postpositis
329 2768 379 2830 vel
412 2768 507 2830 etiam
539 2770 666 2832 omissis
698 2770 733 2831 id
760 2788 861 2830 unum
898 2770 1047 2848 exposuit
1081 2773 1176 2849 atque

107 2866 273 2957 disseruit,
297 2877 383 2960 quod
408 2879 524 2940 oratori
548 2877 686 2959 perfecto
709 2877 851 2940 maxime
869 2875 1089 2939 necessarium
1105 2891 1177 2936 esse

110 2981 319 3068 existimavit,
341 2988 361 3048 i.
386 3005 412 3050 e.
437 2986 660 3050 elocutionem.

220 3092 406 3158 Memoriam
430 3101 537 3160 autem
563 3114 600 3159 ea
624 3096 663 3158 de
686 3114 785 3158 causa
807 3095 842 3156 in
865 3095 925 3157 hoc
951 3092 1038 3156 libro
1067 3110 1177 3174 super-

118 3208 286 3267 vaoaueam
311 3223 383 3270 esse
407 3206 498 3287 dixit,
522 3207 597 3288 quia
621 3206 817 3286 „multarum
842 3205 959 3267 artium
976 3203 1174 3267 communis“

123 3313 209 3392 esset,
230 3333 309 3396 quas
334 3316 511 3379 certissime
534 3315 695 3398 perfectus
718 3313 782 3395 ille,
808 3315 864 3396 qui
893 3313 1177 3396 praestantissimis

127 3414 457 3496 animitacultatibus
488 3443 525 3488 ac
552 3423 676 3487 viribus
704 3424 868 3507 praeditus
898 3429 1075 3506 esset,„per
1107 3440 1177 3486 sese

129 3515 183 3585 iam
205 3535 307 3599 animo
332 3517 603 3618 complecteretur.

99 3710 101 3715 ,
223 3639 272 3706 Ex
294 3645 336 3707 iis
358 3645 465 3726 igitur,
490 3662 572 3725 quae
595 3645 799 3723 antecedunt,
819 3641 966 3704 videmus
989 3639 1176 3702 Ciceronem

99 3750 113 3783 ³·
135 3731 165 3798 (Ῑθ
187 3762 315 3816 numero
344 3755 493 3836 partium,
525 3759 621 3835 prout
657 3773 709 3817 res
743 3758 774 3816 et
800 3751 874 3814 finis
908 3750 1068 3830 cuiusque
1102 3747 1177 3810 libri

136 3897 324 3928 ’.χ-.-
379 3924 381 3927 .

109 4068 112 4073 .
131 4056 134 4061 ,
184 4015 189 4025 =
227 3987 249 4055 1)
267 3991 312 4045 cir.
332 3989 386 4045 Cic.
407 3991 456 4055 „de
475 3993 529 4047 or.“
548 3991 589 4043 ed.
607 3986 894 4045 Piderit-Hameolier6
913 4004 938 4054 p.
964 3991 1007 4046 12.
