2686 4560
557 247 731 309 .-69-

102 425 200 488 Bona
222 426 329 486 autem
353 424 373 485 l.
397 443 423 486 c.
446 424 480 485 in
505 423 567 485 duo
591 441 709 505 genera
734 424 854 486 divisit:
878 425 911 486 in
938 424 1119 487 neccssaria
1143 428 1174 486 et

109 534 147 595 in
171 551 235 594 non
260 533 455 611 necessaria3
480 552 552 595 cum
576 532 641 594 illis
660 532 722 594 alia
740 552 858 614 genera
873 553 937 595 non
956 533 1175 615 subiungeret,

106 632 233 704 horum¹
250 641 313 703 alia
336 659 393 723 per
416 659 461 720 se,
483 642 545 703 alia
569 642 729 705 commodi
746 661 844 705 causa
868 643 974 724 expeti
995 641 1171 719 coutendit;

75 752 79 758 '
109 768 197 833 quae
220 768 277 833 per
300 768 334 812 se
357 750 538 833 expetenda
561 756 677 826 essent,
713 770 750 814 ea.
781 751 820 813 ab
852 752 1018 814 honestate
1050 753 1101 814 vel
1134 751 1174 814 ab

102 858 280 922 virtutibus
303 858 470 943 proficisci,
495 879 576 941 quae
601 879 675 922 vero
700 861 847 923 utilitatis
870 861 922 924 vel
938 861 1176 923 commoditatis

106 987 214 1044 causa,
238 987 275 1031 ea
298 973 354 1031 aut
381 967 521 1050 corporis
549 973 603 1030 aut
632 968 783 1032 fortunae
812 969 897 1032 bona
926 988 1006 1034 esse.

87 1084 90 1089 '
215 1077 278 1140 Sed
303 1096 399 1160 saepe
431 1077 501 1139 fieri
532 1080 645 1158 potest,
676 1082 713 1138 ut
745 1079 868 1142 utilitas
901 1099 976 1142 cum
1010 1079 1174 1142 honestate

107 1190 220 1263 certet;
246 1186 330 1268 quod
355 1188 382 1249 si
407 1187 522 1264 evenit,
547 1192 662 1265 orator,
685 1191 721 1249 ut
745 1186 855 1251 Cicero
881 1190 1049 1272 praecepit,
1076 1207 1173 1271 quae-

106 1314 177 1358 rere
201 1293 302 1375 debet,
332 1300 441 1359 utrum
472 1295 634 1358 auditores
662 1297 781 1361 indocti
813 1303 844 1360 et
867 1302 1008 1379 agrestes
1032 1302 1107 1377 sint,
1131 1319 1171 1361 an

106 1405 240 1467 humani
264 1409 295 1467 et
318 1405 459 1487 expoliti,
483 1423 558 1466 cum
582 1405 629 1466 illi
654 1406 733 1467 nihil
758 1406 855 1483 aliud,
878 1407 941 1467 nisi
970 1413 1173 1488 „quaestum

107 1514 372 1591 emolumentum,
401 1514 542 1575 fructus“
578 1518 766 1596 spectarent,
811 1516 844 1575 hi
875 1518 979 1577 autem
1012 1516 1171 1595 „laudem

104 1624 256 1707 gloriam,
277 1620 443 1702 honorem,
465 1621 571 1702 fidem,
593 1623 771 1685 iustitiam“
789 1625 922 1687 utilitati
938 1642 1064 1705 semper
1082 1643 1173 1706 prae-

104 1734 237 1798 ferrent.

214 1841 248 1906 Si
265 1832 354 1905 'vero
389 1843 423 1903 in
459 1843 675 1904 controversia
710 1847 804 1922 esset,
839 1843 917 1924 quid
948 1843 1031 1906 effici
1066 1848 1175 1926 posset

105 1970 220 2029 necne,
244 1957 401 2013 oratorem
424 1952 563 2033 primum
590 1952 629 2013 de
646 1952 763 2032 causis,
787 1971 869 2034 quae
886 1971 953 2014 rem
974 1952 1175 2033 conficerent,
1200 1933 1204 1938 ⁵

107 2061 216 2123 dicere
255 2059 379 2141 debere,
423 2060 536 2122 deinde
575 2080 616 2129 ne
650 2062 806 2123 rationem
848 2062 977 2143 quidem
1017 2063 1175 2126 efficiendi

104 2170 373 2254 praetermittere.

205 2279 253 2359 ,ln
289 2280 439 2362 „topicis“
478 2280 617 2361 denique
652 2277 762 2342 Cicero
805 2276 1091 2342 deliberationibus
1136 2295 1172 2338 ea

105 2387 264 2468 attribuit,
293 2408 376 2469 qriae
404 2391 437 2450 in
469 2389 540 2451 aliis
571 2390 698 2471 scriptis
727 2387 981 2467 laudationibus;
1009 2406 1082 2448 nam
1111 2390 1173 2468 top.

105 2499 163 2573 23,
177 2498 219 2559 89
243 2497 321 2559 haec
343 2499 562 2580 praescripsit:
592 2496 648 2578 „ln
672 2497 754 2559 illud
777 2501 883 2559 autem
911 2516 1026 2579 genus,
1048 2497 1081 2558 in
1107 2515 1172 2578 quo

106 2607 149 2669 de
174 2606 354 2689 expetendo
377 2605 596 2689 fugiendoque
621 2607 798 2688 quaeritur,
814 2606 1008 2669 adhibentur
1031 2626 1077 2685 ea,
1093 2625 1175 2688 quae

107 2720 188 2780 sunt
211 2720 267 2778 aut
295 2716 393 2777 animi
424 2721 480 2779 aut
509 2718 650 2798 corporis
681 2719 738 2777 aut
766 2721 900 2778 externa
928 2716 979 2779 vel
1007 2715 1174 2776 commoda

105 2824 163 2887 vel
185 2822 446 2908 incommoda.“¹)

216 2935 256 2997 Iu
295 2935 356 2997 hoo
398 2953 516 3017 genere
550 2931 660 2996 Cicero
701 2934 796 2996 etiam
837 2934 977 3017 partium
1019 2932 1173 2995 orationis

108 3043 301 3105 nonnullam
325 3046 481 3107 rationem
508 3041 635 3106 habuit:
661 3044 818 3125 principia
842 3043 953 3106 brevia
977 3061 1048 3105 esse
1072 3042 1174 3105 voluit

111 3152 152 3216 de
176 3158 255 3235 part.
281 3173 326 3219 or.
347 3154 432 3234 4,13
458 3159 489 3216 et
514 3154 565 3233 27,
580 3154 634 3231 973
659 3155 693 3215 in
717 3152 975 3236 perorationibus
999 3156 1103 3214 autem
1135 3151 1174 3214 ab

109 3267 235 3326 oratore
268 3260 445 3346 exempla2)
470 3263 509 3325 ad
540 3263 723 3344 augendum
758 3270 788 3324 et
815 3261 1072 3344 amplificandum
1104 3281 1177 3343 pro-

108 3371 240 3436 ferenda
270 3392 340 3436 esse
375 3374 475 3435 sensit
506 3374 540 3433 in
574 3373 680 3453 iisque
713 3376 881 3449 oratorem,
913 3375 1008 3453 prout
1039 3371 1176 3434 facultas

110 3483 209 3546 ferret
231 3488 262 3546 et
274 3502 325 3545 res
341 3482 525 3564 postularet,
541 3482 665 3543 animos
687 3482 887 3544 eruditorum
904 3485 960 3543 aut
976 3498 1177 3542 commovere

112 3596 169 3654 aut
192 3593 365 3676 reprimere
395 3591 521 3656 debere.
566 3589 627 3653 Sed
652 3591 730 3653 liaeo
762 3611 826 3653 non
853 3590 955 3653 solum
991 3590 1023 3651 in
1057 3588 1176 3651 delibe-

222 3838 247 3908 1)
267 3838 430 3903 Quibuscum
449 3836 549 3901 confer,
567 3852 602 3891 ne
621 3852 687 3905 quae
706 3835 840 3889 dubitatio
858 3834 913 3897 fiat,
934 3850 1001 3902 quae
1019 3835 1075 3902 top.
1095 3838 1174 3898 rael

113 3930 148 3981 de
165 3929 308 3997 generibus
327 3928 447 3997 exposita
465 3930 535 3983 sunt.

220 4021 600 4090 mmmmmwffi
