2686 4560
664 255 839 318 ..66-

216 437 248 496 et
270 434 404 496 virtutes
423 433 457 494 in
481 432 562 496 duas
585 439 690 516 partes
715 406 837 497 divisit:
862 436 895 497 in
920 453 983 516 eae,
1007 453 1089 517 quae
1112 436 1146 497 in
1164 439 1277 516 „mori-

217 539 279 605 bus
303 543 470 605 hommum
503 547 534 605 ct
568 543 705 621 quadam
729 544 876 606 comitate
900 562 936 606 ac
960 542 1189 607 beneficentia“
1216 546 1278 608 col·

216 652 337 715 locatae
361 655 477 732 essent,
506 652 540 713 in
566 671 692 734 easque,
716 653 855 735 quaein
882 654 1022 736 „ingenii
1045 652 1156 735 aliqua
1180 653 1278 718 facul-

216 766 278 824 tate
324 766 379 825 aut
422 761 523 822 animi
559 763 782 844 magnitudine
821 781 858 824 ac
892 762 1025 840 robore‘
1059 768 1277 829 versarentur.

217 867 342 933 Deinde
377 888 431 932 cos
467 889 596 953 quoque
622 869 801 933 laudandos
825 889 895 934 esse
919 871 1103 953 explicavit,
1138 875 1196 955 qui
1230 893 1279 938 res

219 979 372 1042 adversas
397 979 558 1061 sapienter
582 986 709 1042 etcum
735 979 888 1060 dignitate
912 981 1076 1060 tulissent3
1105 986 1136 1045 et
1159 1000 1202 1044 ne
1225 983 1279 1045 ho-

216 1107 311 1151 nores
327 1087 469 1172 quidem,
493 1087 618 1151 decreta
638 1089 767 1151 virtutis
791 1092 941 1170 praemia,
964 1090 1048 1154 facta
1072 1090 1278 1173 comprobata

216 1197 436 1279 praetermitti,
469 1198 525 1260 sed
560 1216 671 1261 omnes
711 1216 762 1261 res
797 1200 1040 1281 „magnitudine
1073 1199 1278 1282 praestabiles

218 1311 275 1368 ant
310 1306 450 1368 novitate
484 1307 609 1388 primast
642 1312 698 1369 aut
731 1326 848 1390 genere
876 1309 945 1391 ipso
969 1309 1168 1392 singulares“
1194 1327 1279 1371 com-

218 1416 389 1478 memorari
414 1415 582 1494 deberem
607 1435 713 1498 neque
729 1419 982 1500 comparationes
1007 1437 1080 1479 cnm
1104 1417 1176 1480 aliis
1203 1419 1285 1481 viris

215 1524 447 1588 excellentibus
490 1526 630 1608 prolatas
674 1528 745 1589 sinc
789 1545 904 1609 magno
940 1525 1177 1608 commodoqn
1211 1526 1295 1590 fore

217 1633 452 1714 existimavit.¹)
498 1632 695 1716 Diligentius
731 1641 836 1698 autem
873 1641 904 1699 et
939 1636 1097 1716 copiosius
1122 1636 1161 1697 de
1187 1635 1303 1699 bonis

216 1745 350 1806 malisve
385 1743 484 1805 animi
519 1743 627 1824 agitur
662 1744 701 1806 de
723 1750 802 1826 part.
827 1764 869 1806 or.
895 1744 947 1818 22,
964 1741 1104 1826 74-23,
1116 1745 1175 1823 803
1215 1746 1313 1809 illi&

215 1855 332 1916 iterum
356 1856 498 1931 externa,
534 1853 684 1933 corporis,
719 1854 819 1915 animi
854 1853 938 1915 bona
966 1856 1180 1936 reperiuntur,
1216 1857 1305 1918 vir-

219 1967 304 2024 tutes
339 1967 446 2023 autern
482 1961 517 2021 in
552 1959 632 2024 duas
667 1967 772 2043 partes
798 1963 1001 2026 dividuntur:
1037 1965 1070 2025 in
1097 1983 1160 2043 eac,
1197 1982 1309 2047 quae

217 2071 360 2151 scientia,
371 2071 405 2131 in
419 2088 545 2151 easque,
560 2089 642 2152 quae
654 2073 779 2135 actione
792 2077 1074 2155 cognoscerentur,
1093 2092 1238 2156 cumque
1251 2076 1306 2136 in

134 2237 137 2240 ,
216 2181 271 2243 illa
294 2179 474 2262 prudentia,
497 2179 665 2263 calliditas,
700 2182 856 2265 sapientia
881 2181 1031 2262 valerent,
1060 2183 1093 2271 in
1118 2182 1178 2244 hac
1202 2188 1298 2246 tcm-

217 2291 394 2372 perantiam
432 2291 573 2353 maxime
616 2293 735 2354 versari
770 2292 790 2354 l.
825 2310 851 2356 c.
888 2290 1051 2354 discimus.
1099 2291 1295 2375 Sapientiae

217 2401 455 2480 „ministrarum
473 2400 708 2481 comitumqne“
725 2398 833 2462 Cicero
854 2399 949 2461 aliam
970 2399 1145 2463 diiudicare
1170 2404 1281 2482 sensit,

216 2526 319 2589 „quae
342 2515 449 2570 essent
472 2509 505 2569 in
531 2509 748 2590 disputatione
773 2529 849 2572 vcra
873 2514 969 2590 atque
993 2507 1072 2571 falsa
1097 2508 1283 2595 quibusque

216 2618 329 2699 positis
370 2617 450 2699 quid
494 2619 709 2699 sequereturl,
757 2618 851 2680 aliam
896 2621 1065 2680 oratoriam
1101 2619 1279 2701 appellavit,

217 2729 295 2809 quia
330 2726 514 2808 eloquentia
548 2726 629 2788 nihil
664 2733 757 2809 esset,
791 2729 853 2789 nisi
888 2728 1034 2808 „copiose
1068 2729 1207 2809 loquens
1233 2748 1278 2792 sa-

217 2833 395 2922 pientia.“2)
439 2836 692 2920 Temperantiam
722 2842 827 2900 autem
857 2839 888 2897 et
922 2836 958 2896 in
994 2854 1071 2898 suas
1105 2855 1157 2900 res
1191 2840 1279 2900 etin

216 2965 405 3010 communes
441 2946 618 3025 distribuit,
658 2948 715 3027 illi,
755 2965 853 3028 quam
887 2945 1143 3026 magnitudinem
1180 2947 1279 3011 animi

220 3057 401 3139 appellavit,
424 3053 660 3138 abstinentiam,
692 3055 922 3133 fortitudinem,
947 3055 1145 3136 patientiam,
1170 3055 1284 3120 libera-

220 3166 351 3245 litatem,
387 3165 590 3228 altitudinem
625 3167 724 3226 animi
753 3162 904 3241 subiecit,
940 3164 974 3224 in
999 3164 1057 3225 hac
1080 3183 1166 3246 vero,
1201 3187 1284 3248 quae

220 3276 343 3338 iustitia
367 3274 538 3355 diceretur,
562 3273 760 3357 religionem,
784 3275 942 3356 pietatem,
968 3270 1151 3346 bonitatem,
1175 3273 1285 3358 fidem,

216 3385 388 3464 lenitatem,
418 3385 591 3446 amicitiam
618 3401 686 3446 esso
710 3377 857 3465 docuitss)
903 3386 947 3445 nt
970 3401 1128 3444 summam
1152 3383 1284 3449 laudem

217 3511 261 3554 ex
284 3491 437 3555 omnibus
464 3493 637 3556 virtutibus
663 3492 888 3555 verecundiam
913 3510 1040 3553 sumere
1057 3497 1189 3572 oportet.

325 3788 352 3842 1)
372 3784 404 3836 de
424 3798 461 3837 or.
481 3783 516 3849 ll,
536 3786 578 3850 84,
598 3788 729 3848 342-85,
749 3782 809 3838 348.

324 3872 351 3941 2)
370 3874 402 3926 de
420 3877 488 3942 part.
509 3890 546 3927 or.
568 3879 610 3944 23,
631 3879 672 3931 78.

324 3965 351 4034 3)
370 3966 402 4018 de
421 3971 488 4033 part.
507 3982 544 4019 or.
565 3972 606 4036 22,
626 3971 739 4023 77-78.
770 3965 815 4020 cfr.
836 3967 868 4019 de
886 3965 939 4020 inv.
952 3963 988 4034 Π,
1007 3968 1049 4035 53,
1070 3968 1200 4029 lae-54,
1222 3971 1289 4038 165,

217 4070 296 4123 quam
316 4056 403 4110 locum
423 4058 493 4111 inira
511 4059 540 4110 in
559 4073 656 4125 genere
675 4055 851 4111 deliberativo
871 4057 1054 4112 tractabimus.
