2618 4560
565 254 608 266 ...
634 222 674 282 55
701 256 743 267 -

227 397 297 473 Quo
332 397 426 459 modo
464 395 534 459 fieri
568 399 716 481 potuerit,
751 403 788 461 ut
811 396 929 479 Cicero,
965 401 1021 482 qui
1054 402 1186 463 nomine

115 508 230 590 optimi
247 507 382 569 oratoris
399 510 430 569 et
446 507 581 570 rhetoris
599 509 775 571 certissime
791 507 908 589 diguus
925 513 980 588 est,
994 511 1188 572 sententiam

118 636 212 680 suam
240 635 314 679 oum
339 635 442 699 eaque
466 624 633 699 praecepta
656 618 813 680 rhetorica
837 621 902 678 tam
927 616 1016 681 brevi
1046 623 1188 701 tempore

116 763 159 773 -
185 727 271 788 intra
296 725 378 788 duos
403 745 506 788 annos
529 762 573 772 -
597 728 715 791 iterum
739 732 836 808 atque
859 727 978 789 iterum
1006 730 1188 807 mutaverit,

116 837 177 898 etsi
192 854 234 897 ex
246 835 371 898 ratione
384 836 683 899 mathematicorum
694 837 911 899 demonstrare
924 854 987 897 nou
1005 855 1188 917 possumus,

116 949 258 1008 attamen
295 945 372 1007 satis
408 950 492 1008 certo
530 948 685 1028 suspicari
713 946 796 1009 licet.
850 944 888 1006 Iu
920 944 1070 1008 omnibus
1101 948 1187 1008 enim

116 1055 209 1117 libris
232 1054 401 1116 rhetoricis
435 1060 560 1137 praeter
586 1055 764 1135 „Brutunr“
793 1060 824 1118 et
852 1055 1049 1135 ,‚oratorem“
1078 1061 1188 1117 noster

115 1142 151 1224 id
176 1163 250 1244 egit,
274 1167 312 1225 ut
334 1162 478 1245 legentes
502 1169 569 1228 arte
592 1165 751 1227 rhetorica
775 1165 911 1246 eiusque
940 1164 1111 1246 partitione
1136 1165 1188 1226 vel

115 1278 208 1356 parte
242 1272 352 1354 aliqua
384 1272 587 1354 eloquentiae
621 1276 810 1354 institueret,
840 1273 871 1335 id
902 1272 988 1356 quod
1017 1274 1187 1356 praecipue

116 1383 327 1465 cognoscitur
349 1382 382 1442 in
414 1381 515 1462 libris,
547 1385 602 1465 qui
630 1384 688 1465 „de
715 1384 928 1463 inventione“,
957 1384 1098 1464 „topica‘
1129 1383 1188 1459 „de

114 1492 292 1576 partitione
332 1491 487 1554 oratoria“
526 1492 757 1556 inscribuntur.
821 1491 935 1574 ltaque
973 1492 1081 1554 mirari
1122 1510 1188 1553 uon

118 1601 289 1679 dehemus,
313 1601 400 1683 quod
424 1602 457 1662 in
481 1601 522 1663 iis
546 1618 656 1663 omnes
681 1605 785 1682 partes
816 1599 990 1683 omniaque
1018 1607 1187 1682 praecepta

117 1712 199 1773 artis
228 1730 270 1773 ex
301 1710 448 1774 sollemni
479 1729 541 1773 usu
577 1710 726 1774 attulerit.
781 1709 887 1785 Quare
917 1711 1012 1773 etiam
1041 1711 1075 1771 in
1104 1709 1187 1772 libro

119 1821 184 1901 „de
214 1822 334 1903 optimo
362 1838 480 1902 genere
509 1820 689 1881 oratorum‘
718 1822 904 1882 memoriam
935 1819 1018 1882 bono
1047 1819 1118 1880 iure
1148 1818 1187 1880 ab

115 1949 159 1994 eo
182 1930 346 1992 laudatam
370 1948 440 1993 esse
465 1948 581 2011 negare
606 1948 670 1990 nou
695 1947 877 2010 possumus,
908 1949 982 1991 narn
1010 1926 1123 2001 voluit,
1153 1933 1189 1991 ut

117 2041 255 2119 scimus,
300 2044 461 2102 oratorum
509 2039 845 2120 eloquentissimorum
890 2037 1116 2101 Demosthenis
1157 2044 1188 2100 et

116 2150 293 2214 Aeschinis
329 2149 489 2211 orationes
524 2139 621 2232 {prepi
658 2144 836 2234 στεφάνου“
872 2152 902 2210 et
931 2141 1033 2227 „acad
1062 2152 1189 2232 Κτησι-

116 2258 268 2346 φιῑντοςιι
304 2258 474 2340 inscriptas
513 2261 709 2334 convertere,
743 2264 779 2320 ut
813 2259 846 2335 ii,
888 2257 943 2338 qui
985 2256 1188 2336 eloquentiae

115 2368 258 2432 studiosi
287 2373 386 2445 eraut,
421 2366 582 2449 praeclara
610 2368 758 2449 exempla
790 2367 954 2445 haberent,
984 2366 1077 2446 eique
1112 2383 1187 2427 cou-

116 2477 264 2540 versioni
288 2477 374 2539 hunc
397 2476 544 2538 libellum
568 2493 763 2558 praeponere
786 2473 1027 2556 praelationem.
1073 2474 1188 2558 Itaque

116 2587 222 2650 totius
247 2587 350 2668 operis
373 2585 448 2648 finis
473 2590 538 2648 erat
561 2585 694 2665 utilitas
718 2589 753 2647 ut
776 2585 844 2666 ipso
866 2584 947 2646 dixit
971 2585 1009 2647 de
1029 2591 1092 2667 opt.
1115 2603 1188 2668 geu.

117 2716 166 2759 or.
199 2697 227 2776 5,
258 2696 312 2757 13:
345 2744 361 2775 „
390 2741 399 2759 .
430 2744 436 2756 .
468 2745 474 2758 .
505 2696 617 2777 putavi
657 2695 735 2756 mihi
770 2693 1008 2776 suscipiendum
1047 2694 1188 2756 lahorem

116 2806 234 2868 utilem
271 2805 432 2884 studiosis,
464 2804 542 2865 mihi
572 2805 700 2886 quidem
730 2804 790 2886 ipsi
819 2822 883 2865 nou
912 2802 1187 2884 necessarium‚1)“

118 2932 258 2996 eamque
282 2913 324 2977 ob
354 2934 421 2978 reru
452 2915 545 2977 etiam
576 2914 771 2992 arcaturiam,
801 2930 884 2994 quae
917 2930 1042 2992 semper
1071 2913 1188 2973 oratori

116 3024 210 3087 haud
252 3043 381 3105 parvam
419 3024 592 3086 utilitatem
634 3022 808 3105 praeberet,
843 3022 939 3085 affere
973 3022 1085 3103 potuit.
1149 3021 1188 3084 In

124 3131 270 3213 ‚,Bruto“
303 3139 417 3213 autem,
456 3133 512 3195 ubi
549 3137 658 3196 noster
698 3133 862 3195 historiam
901 3133 978 3195 artis
1014 3132 1189 3194 rhetoricae

118 3243 270 3305 tractavit
293 3243 327 3304 in
351 3243 487 3324 aliisque
512 3244 690 3305 oratoribus
713 3243 791 3304 alias
815 3242 949 3303 virtutes
974 3247 1005 3303 et
1020 3240 1190 3303 facultates

120 3351 276 3415 laudibus
322 3352 447 3432 extulit,
497 3353 695 3432 memoriam,
742 3371 806 3433 qua
852 3350 1002 3413 nonnulli
1047 3355 1190 3414 oratores

122 3467 248 3543 praeter
286 3466 407 3524 eeteros
447 3459 637 3541 floruerunt,
677 3461 804 3524 silentio
845 3461 977 3522 omnino
1017 3462 1191 3543 praeterire

123 3571 213 3632 nullo
238 3571 333 3633 modo
357 3572 469 3653 potuit.
516 3568 651 3634 Restant
675 3569 749 3633 lihri
774 3571 830 3653 „de
863 3571 1020 3647 oratore“3
1052 3589 1191 3651 quorum

132 3698 343 3705 —-—-—..—

127 3750 201 3802 tanta
223 3748 267 3816 [so.
288 3747 317 3800 iu
336 3747 498 3816 Hortensio]‚
527 3752 653 3816 quantam
683 3748 711 3802 in
740 3749 813 3804 nullo
834 3765 876 3802 ma
894 3746 1052 3818 cognovisse
1071 3745 1191 3813 arbitror,

131 3841 167 3905 nt,
197 3857 265 3908 quae
294 3855 383 3894 secum
413 3842 609 3894 commentatus
628 3846 706 3905 esset,
735 3856 766 3894 ea
793 3840 849 3893 sina
868 3838 967 3906 scripto
985 3837 1073 3891 verbis
1092 3837 1193 3892 eisdem

130 3930 256 4001 redderet,
277 3931 373 3999 quibus
391 3929 588 4000 cogitavisset.“

231 4024 256 4093 1)
277 4023 327 4077 cfr.
348 4025 380 4078 de
399 4026 454 4092 opt.
474 4039 533 4091 gen.
554 4039 590 4080 or.
610 4029 678 4093 723.
