2618 4560
638 262 814 324 ..53-

198 437 352 502 attribuit.
408 436 611 520 Utilitateml)
640 458 715 503 vero
743 441 778 502 in
806 439 886 501 duas
920 444 1024 520 partes
1054 438 1179 500 divisit:
1212 440 1259 501 in·

198 547 413 609 columitatem
442 554 474 610 et
500 549 685 630 potentiam.
738 551 845 630 Atque
874 549 909 608 in
934 546 1086 610 omnibus
1121 548 1259 629 quidem,

201 675 284 738 [luae
308 656 414 718 adhuc
436 657 637 739 protulimus
662 664 693 720 et
717 657 794 739 quid
817 657 887 720 fieri
910 662 941 720 et
964 657 1043 738 quid
1068 655 1165 722 ,facile
1192 655 1259 719 fieri

196 762 325 850 possid)
354 767 471 829 oratori
502 766 724 847 quaerendum
756 773 811 829 est.
865 765 990 829 Deinde
1024 763 1134 828 Cicero
1166 767 1258 828 etiam

197 875 479 955 necessitudinem)
507 875 642 957 partitus
675 881 732 956 est,
766 895 904 957 quarum
932 875 1014 960 aliae
1042 874 1206 956 simplices
1233 881 1261 937 et

197 984 362 1046 absolutae
396 991 512 1065 essent,
545 984 626 1046 aliae
659 983 814 1047 haberent
846 1004 978 1055 causam
1011 984 1184 1066 quandam,
1211 986 1261 1046 oui

198 1112 318 1156 nomen
350 1093 550 1161 adiunctioni
587 1091 713 1154 indidit.
776 1091 950 1155 Maximam
987 1102 1092 1156 autem
1130 1095 1197 1156 vim
1232 1104 1260 1157 et

198 1202 471 1265 necessitudinem
495 1203 655 1265 honestati
678 1202 833 1281 attribuit,
856 1205 1011 1265 minorem
1036 1203 1260 1284 incolumitati,

197 1313 364 1374 minimam
389 1312 615 1373 commoditati.
663 1309 701 1372 ln
725 1311 892 1374 affectione
917 1309 1094 1395 denique,4)
1122 1332 1189 1394 qua
1217 1313 1260 1374 ita

197 1439 249 1483 res
273 1428 521 1501 commutantur,
545 1425 582 1482 ut
605 1419 697 1482 aliter
720 1439 756 1482 ac
779 1422 969 1503 plerumque
991 1420 1159 1483 habendae
1193 1401 1284 1483 esse¹

200 1531 381 1610 videantur,
405 1529 504 1612 „quid
528 1536 671 1612 tempora
694 1520 846 1612 peterent,
866 1530 943 1611 quid
959 1531 1103 1613 personis
1127 1531 1259 1613 dignum

198 1647 289 1716 esset,
315 1659 379 1722 quo
405 1639 689 1721 quidqueanimo,
714 1639 854 1719 quicum,
883 1659 946 1722 qtro
975 1649 1118 1722 tempore
1148 1659 1259 1722 quarn·

198 1749 254 1812 diu
277 1749 384 1811 fieret‘
408 1747 675 1810 considerandum
701 1765 771 1810 esse
796 1746 904 1810 Cicero
929 1750 1076 1814 ostendit.

305 1857 508 1931 Quibuscum
532 1876 648 1938 magna
673 1865 824 1937 exparte
848 1859 1067 1935 consentiunt,
1092 1877 1176 1940 quae
1192 1860 1259 1921 An·

199 1967 308 2029 tonius
345 1967 383 2028 de
416 1985 459 2027 or.
491 1965 533 2044 ll,
561 1967 613 2045 81,
626 1966 789 2046 333-85,
803 1967 866 2028 348
901 1967 940 2030 de
975 1969 1034 2031 hac
1068 1988 1102 2030 re
1137 1969 1259 2047 docuit,

198 2076 447 2139 controversiam
478 2076 564 2138 enim
592 2076 627 2136 in
657 2074 716 2136 hoo
748 2092 864 2156 genere
891 2076 959 2140 fieri
989 2078 1081 2159 dixit,
1108 2082 1135 2140 si
1164 2097 1262 2160 quae-

197 2194 332 2268 reretur,
356 2191 485 2268 „utrum
514 2185 635 2264 utilius
665 2190 728 2265 aut,
757 2203 831 2246 oum
859 2186 891 2248 id
925 2189 1121 2279 conveniret,
1152 2196 1261 2251 utrum

196 2297 354 2360 honestati
378 2316 418 2358 an
446 2296 576 2358 utilitati
598 2295 705 2376 potius
728 2295 962 2358 consulendum
979 2298 1091 2360 esset.“
1137 2294 1264 2360 Deinde

197 2404 304 2468 verbis
328 2401 473 2483 ornatis⁵t
497 2403 652 2485 explicari
675 2407 841 2484 oporteret,
866 2405 962 2486 „quid
985 2404 1056 2468 fieri
1072 2411 1190 2487 posset,
1205 2414 1260 2467 aut

198 2533 272 2595 non,
308 2513 450 2595 quidque
484 2530 615 2574 necesse
643 2519 735 2591 esset,
763 2521 819 2574 aut
852 2533 916 2576 non
945 2512 1065 2599 esset,⁶)
1088 2522 1262 2598 motusque

197 2624 376 2686 animorum
402 2622 441 2684 ab
466 2628 590 2684 oratore
619 2621 753 2682 excitari
783 2603 951 2703 deberem,
981 2626 1122 2687 maxime
1152 2635 1260 2688 autem

195 2732 353 2812 „adversa
386 2731 497 2814 populi
520 2729 723 2792 acclamatio‘
748 2732 877 2794 vitanda
906 2739 998 2816 esut,
1023 2734 1109 2816 quod
1144 2733 1262 2816 quibus

197 2841 294 2905 rebus
317 2840 388 2904 fieri
410 2820 519 2923 possbt
543 2841 582 2902 de
606 2859 650 2905 or.
675 2839 718 2919 II,
742 2842 793 2921 83,
807 2842 870 2904 338
895 2843 1057 2906 discimus.

301 2948 351 3013 De
376 2959 455 3032 part.
485 2970 530 3013 or.
556 2951 659 3029 24,83
689 2969 777 3032 sequ.
806 2959 911 3014 autem
944 2949 1054 3015 Cicero
1082 2953 1116 3013 in
1144 2970 1263 3033 genere

197 3059 403 3122 deliberativo
428 3069 482 3120 aut
507 3060 545 3121 de
575 3058 711 3122 utilitate
739 3061 876 3124 alicuius
903 3061 978 3123 facti
1002 3067 1060 3124 aut
1085 3061 1125 3124 de
1154 3059 1260 3124 tactil-

197 3177 261 3232 tate
286 3186 344 3231 seu
367 3174 521 3250 potestate
546 3169 685 3230 faciendi
709 3171 869 3251 agendum
888 3189 957 3233 esse
981 3171 1071 3233 dixit.
1118 3168 1200 3232 (lum
1225 3169 1270 3232 de

144 3334 146 3338 ,
195 3279 333 3341 utilitate
368 3278 584 3359 ambigeretur
618 3277 703 3340 bona
738 3276 916 3364 malaque⁷)
959 3279 1149 3364 exponenda
1185 3297 1281 3342 esse.

303 3508 327 3576 l)
347 3509 379 3560 de
398 3507 452 3563 inv.
471 3507 506 3567 ΙΙ.
525 3512 720 3577 56,168-170.

303 3603 329 3672 2)
351 3603 385 3655 de
404 3600 459 3652 inv.
479 3597 515 3664 Π,
535 3601 642 3665 adddit.
661 3601 694 3653 de
713 3604 780 3668 part.
805 3604 941 3664 or.24‚84.
955 3599 1000 3655 cir.
1014 3603 1086 3655 deor.
1108 3600 1145 3666 ΙΙ,
1156 3604 1292 3666 82,336.

196 3697 228 3747 de
248 3699 316 3764 part.
336 3710 372 3751 or.
392 3696 479 3759 24,83.
1268 3691 1271 3695 ’

302 3788 328 3855 a)
348 3787 381 3839 ue
399 3786 456 3839 inv.
474 3783 512 3849 11,
531 3784 773 3850 surio-satra.

303 3878 329 3947 4)
350 3880 382 3932 de
401 3878 454 3931 inv.
473 3876 510 3942 ΙΙ,
530 3879 635 3942 obliti.
945 3875 971 3943 ir)
990 3876 1022 3928 de
1041 3892 1082 3930 or.
1100 3874 1137 3944 II,
1157 3878 1279 3944 8333&-

130 4005 135 4013 ·
228 4003 231 4008 ·
302 3971 331 4039 6)
351 3972 383 4024 de
402 3986 439 4026 or.
457 3969 492 4024 11.
512 3970 617 4034 82,336.
637 3967 670 4021 de
689 3969 758 4034 part.
776 3982 814 4023 or.
833 3971 921 4036 2l,83.

301 4063 327 4130 t)
346 4061 396 4116 cfr.
416 4063 449 4116 de
467 4065 536 4130 part.
557 4076 596 4119 or.
617 4062 704 4123 17,t›8.
