2618 4560
550 235 704 295 ..7-

92 414 212 475 tionem
246 410 369 492 fecisse,
403 431 478 475 cum
513 430 559 492 ea,
594 430 676 494 quae
701 409 835 475 Crassus
869 411 904 471 in
941 411 1042 492 primo
1075 410 1157 473 libro
1187 404 1190 411 ’

93 524 305 604 praeceperat,
328 519 468 584 breviter
492 525 655 603 repeteret.

199 628 394 710 Priusquam
428 648 608 712 pergamus,
642 629 753 712 paucis
787 628 894 692 verbis
931 629 1063 692 Antonii
1087 648 1160 692 sen-

90 740 222 802 tentiam
262 737 529 820 comprehendere
567 737 660 801 nobis
703 737 812 801 liccat:
856 736 907 800 Ex
941 739 1020 802 loeis
1063 739 1158 802 modo

94 849 197 911 citatis
231 850 361 928 apparet
395 866 470 910 eum
506 848 709 931 partitionem
738 848 887 910 materiae
911 848 946 910 in
970 867 1102 912 causam
1125 851 1157 912 et

92 959 127 1019 in
163 956 386 1038 quaestionem
422 958 553 1020 omnino
587 955 821 1039 improbavisse
856 962 1036 1040 propterea,
1071 958 1159 1040 quod

92 1085 204 1130 omnes
240 1066 444 1147 quaestiones
479 1065 586 1129 finitas
621 1065 679 1148 ad
696 1084 799 1147 genus
835 1067 1025 1143 universum
1050 1066 1161 1130 tradu-

92 1177 211 1240 cendas
244 1192 314 1238 esse
338 1168 544 1257 existimavit,
575 1175 609 1237 id
638 1174 725 1257 quod
749 1175 788 1238 de
812 1193 857 1237 or.
882 1174 924 1254 II,
950 1177 1001 1256 31,
1027 1177 1099 1257 133,
1123 1180 1159 1239 ut

92 1286 188 1350 medo
225 1271 376 1363 vidimus,
411 1285 550 1367 aliisque
585 1285 663 1349 locis
686 1285 859 1368 praecepit,
897 1305 972 1348 nam
997 1287 1094 1349 etiam
1119 1285 1158 1349 de
1250 1332 1251 1337 η

92 1415 137 1460 or.
163 1395 282 1476 ΙΙ,31,
308 1394 371 1456 134
406 1394 557 1476 legimus:
595 1393 712 1475 „Nulla
748 1392 888 1476 denique
912 1399 960 1458 est
983 1413 1090 1473 causa,
1124 1395 1158 1458 in

94 1504 222 1587 quaid,
247 1484 334 1587 quod
356 1504 392 1566 in
414 1504 572 1566 iudicium
598 1502 696 1583 venit,
719 1501 847 1566 reorum
870 1507 1014 1586 personis
1039 1526 1076 1569 ac
1093 1525 1159 1570 non

91 1632 248 1698 generum
284 1613 426 1696 ipsorum
464 1614 617 1676 universa
640 1612 857 1694 disputatione
881 1615 1093 1695 quaeratur;“
1129 1619 1161 1678 et

93 1723 242 1788 similiter
276 1722 315 1785 de
349 1740 395 1787 or.
423 1719 468 1797 II,
502 1723 554 1798 31,
581 1722 657 1784 135:
693 1719 799 1802 „Quin
829 1723 925 1786 etiam
948 1725 983 1786 in
1005 1721 1047 1788 iis
1070 1726 1159 1807 ipsis,

94 1832 151 1896 ubi
188 1832 227 1895 de
249 1830 332 1895 facto
356 1832 541 1914 ambigitur,
574 1832 736 1914 ceperitne
761 1833 915 1914 pecunias
939 1837 1050 1897 contra
1073 1835 1160 1918 leges

94 1942 132 2006 P.
158 1940 292 2022 Decius,
326 1946 515 2024 argumenta
550 1947 581 2005 et
615 1942 787 2005 criminum
819 1947 850 2005 et
892 1942 1088 2007 defensionis
1110 1962 1160 2007 re·

93 2056 250 2115 vocentur
283 2055 407 2133 oportet
441 2051 481 2113 ad
515 2070 620 2134 genus
652 2056 683 2114 et
719 2042 757 2114 ad
783 2055 932 2113 naturam
955 2052 1158 2116 universam:

95 2212 102 2224 .
130 2209 136 2224 .
164 2209 170 2223 .
194 2166 371 2242 contraque
395 2178 477 2243 quae
500 2179 556 2242 pro
581 2179 634 2223 reo
659 2161 816 2235 dicentur,
846 2161 954 2223 omnia
978 2163 1160 2226 necessario

94 2291 113 2333 a
136 2276 278 2352 tempere
302 2274 398 2352 atque
414 2270 544 2332 homine
567 2269 607 2332 ad
627 2287 814 2332 communes
833 2288 942 2332 rerum
959 2277 990 2334 et
1004 2289 1160 2353 generum

93 2399 237 2442 summas
265 2378 501 2442 revolventur.“
552 2378 634 2441 Tum
659 2379 697 2441 de
722 2397 764 2440 or.
789 2377 832 2460 II,
862 2376 912 2460 32,
940 2380 1000 2441 138
1025 2379 1161 2442 candem

96 2489 230 2551 Antonii
265 2489 455 2551 sententiam
480 2489 658 2571 reperimus
681 2488 731 2551 his
755 2487 879 2552 verbis:
916 2488 995 2572 „Ac,
1029 2488 1161 2571 siquid

95 2597 185 2660 affert
223 2601 388 2680 praeterea
428 2597 568 2662 hominis
607 2603 663 2661 aut
702 2598 841 2681 dignitas
887 2603 942 2661 aut
975 2598 1161 2681 indignitas,

95 2712 187 2769 extra
224 2707 448 2787 quaestionem
483 2716 532 2770 est
561 2714 592 2770 et
615 2727 653 2772 ea
676 2711 784 2771 tamen
807 2709 878 2790 ipsa
901 2710 1001 2772 oratio
1025 2708 1066 2771 ad
1089 2707 1162 2770 uni-

94 2817 181 2879 versi
215 2817 343 2899 generis
368 2817 617 2900 disputationem
640 2817 797 2880 referatur
821 2835 951 2880 necesse
976 2817 1052 2879 est.“
1098 2813 1161 2878 De-

94 2926 195 3007 nique
230 2925 340 2989 eadem
367 2910 416 2989 'ab
452 2931 576 2990 oratore
609 2926 755 3009 poposcit
787 2924 826 2988 de
861 2945 906 2988 or.
942 2924 1160 3007 ΙΙ,32,140,

96 3053 162 3116 quo
185 3053 227 3097 ex
243 3035 313 3098 loco
337 3037 414 3101 satis
439 3036 578 3099 dilucide
602 3035 751 3118 cognosci
773 3039 885 3118 potest,
909 3035 986 3118 quid
1009 3035 1048 3097 de
1064 3051 1161 3117 quae·

94 3141 254 3206 stionibus
276 3143 412 3208 infinitis
436 3163 612 3224 earumque
636 3145 826 3208 tractatione
850 3147 987 3208 oratoria
1010 3145 1161 3225 senserit3

92 3252 203 3316 docuit
226 3254 311 3317 eninr
334 3252 420 3317 illico
438 3253 563 3318 Cottam
586 3260 616 3318 et
633 3252 811 3336 Sulpicium
834 3255 894 3316 hcc
918 3255 1026 3317 modo:
1063 3271 1161 3336 „quo-

92 3361 188 3424 modo
225 3382 314 3425 nunc
349 3383 384 3428 se
406 3365 543 3427 istorum
567 3368 651 3427 artes
674 3361 802 3443 habent,
836 3363 1090 3445 pertimescenda
1114 3366 1162 3426 est

92 3469 268 3535 multitudo
292 3491 478 3552 causarum;
516 3478 564 3536 est
596 3477 682 3537 eninr
716 3471 851 3552 infinita,
888 3474 915 3537 si
947 3474 982 3536 in
1016 3472 1161 3556 personis

93 3581 239 3662 ponitur,
277 3586 354 3664 quot
392 3583 553 3663 homines,
589 3587 637 3646 tet
679 3601 809 3646 causac:
843 3584 893 3646 sin
931 3583 971 3645 ad
1005 3600 1162 3665 generum

95 3690 266 3754 universas
302 3692 508 3774 quaestiones
532 3691 715 3756 referuntur
744 3693 790 3756 ita
819 3692 964 3755 modicae
989 3697 1020 3755 et
1042 3708 1164 3774 paucae

15 3790 19 3797 ’
96 3803 180 3881 sunt,
209 3805 246 3863 ut
269 3817 322 3865 eas
341 3820 457 3874 ¹omnes
481 3802 652 3885 diligentes
676 3806 707 3864 et
731 3819 888 3864 memores
913 3805 944 3864 et
967 3800 1066 3864 sobrii
1091 3819 1161 3863 ora·

95 3914 181 3972 tores
204 3929 376 3993 percursas
400 3912 506 3974 animo
532 3915 563 3974 et
585 3928 683 3994 prope
707 3910 811 3972 dicam
837 3897 1020 3975 decantatas
1044 3910 1163 3974 habere

96 4018 265 4083 debeant.“
