2686 4560
570 273 770 335 —103-

135 450 221 532 „Nec
244 470 319 514 vero
345 451 552 513 miseratione
576 451 681 513 solum
704 469 796 514 mens
819 450 965 514 iudicum
985 450 1201 533 permovenda

134 567 183 623 est
200 560 324 624 ...sed
363 561 456 623 etiarn
497 563 545 623 est
581 559 780 642 faciendum,
819 563 856 627 ut
893 561 1054 623 irascatur
1090 558 1201 642 iudex,

134 670 308 751 mitigetur,
341 668 486 732 invideat
519 668 632 749 faveat,
668 671 854 732 contemnat
878 668 1065 746 admiretur,
1098 667 1202 732 oderit

134 778 254 859 diligat,
278 780 385 862 cupiat
408 780 551 842 satietate
574 777 741 858 afficiatur,
775 782 880 860 speret
904 781 1035 859 metuat,
1063 778 1202 841 laetetur

135 888 296 972 doleat.“¹)
342 887 429 962 Quas
463 907 515 952 res
550 891 658 950 autem
695 891 801 950 orator
836 885 961 950 efficere
995 906 1062 950 non
1090 891 1201 969 potest,

133 998 207 1076 nisi,
233 1002 268 1060 ut
279 999 441 1062 Antonius
466 997 505 1060 de
521 1017 565 1060 or.
581 995 622 1077 ΙΙ,
639 998 690 1077 45,
714 996 777 1058 189
802 996 902 1076 docet,
918 996 971 1077 „in
994 996 1063 1078 ipso
1089 1014 1201 1059 omnes

133 1106 181 1168 iiii
205 1111 321 1187 motus
338 1125 420 1189 quos
444 1105 596 1169 adhibere
620 1105 706 1168 volet
720 1104 832 1187 iudici,
853 1105 1002 1188 impressi
1019 1123 1087 1168 esse
1104 1110 1201 1187 atque

133 1217 235 1279 inusti
270 1212 533 1300 videbuntur;“2)
568 1216 744 1277 orationem
779 1233 865 1295 vero,
902 1234 965 1296 qua
1000 1214 1124 1276 animos
1152 1215 1201 1275 in-

135 1326 270 1390 cendere
294 1326 354 1389 sibi
378 1326 556 1409 proposuit,
586 1325 652 1386 rim
681 1323 798 1387 habere
827 1329 925 1406 atque
954 1322 1137 1405 „ardentem
1161 1323 1202 1385 ad

135 1455 188 1498 eos
211 1437 379 1519 pervenire
403 1435 554 1520 oportet“‚
586 1451 667 1516 quos
689 1432 891 1495 inflammare
914 1428 1023 1514 vult.³)

239 1545 288 1610 De
311 1550 391 1628 part,
416 1564 461 1607 or.
487 1544 536 1625 15,
562 1544 602 1603 52
627 1546 734 1604 autem
758 1543 857 1605 altera
880 1560 954 1624 pars
984 1540 1201 1604 conclusionis

134 1673 192 1716 seu
214 1655 427 1736 perorationis
455 1652 515 1716 nec
548 1652 729 1735 indignatio
760 1669 820 1714 nec
844 1652 1032 1732 conquestio
1056 1670 1116 1713 nec
1140 1651 1202 1713 alia

137 1764 292 1846 quaedam
323 1766 422 1827 animi
449 1763 604 1847 permotio
628 1765 742 1824 vocata
776 1765 833 1840 est,
866 1761 921 1824 sod
957 1757 1201 1843 amplificatiof)

125 1873 219 1952 'quae
249 1872 319 1935 aliis
343 1893 474 1958 quoque
507 1873 587 1937 locis
617 1873 652 1934 in
681 1871 888 1934 conclusione
921 1870 1082 1952 postulata
1114 1865 1200 1951 est.⁵)

136 1981 198 2044 Sed
235 1982 274 2047 de
301 2002 338 2046 ea
368 2003 541 2065 nusquam,
575 1983 639 2045 nisi
674 1981 712 2044 de
746 1986 894 2064 partor.
919 1980 970 2061 15,
995 1977 1135 2060 52-17,
1160 1978 1201 2039 58

137 2092 257 2173 aliquid
282 2093 464 2154 accuratius
487 2092 724 2173 praescribit-ur.
770 2091 841 2154 Illic
865 2091 951 2152 enim
966 2088 1076 2150 Cicero
1097 2087 1202 2167 „affir-

136 2203 318 2281 mationem,
354 2220 437 2283 quae
467 2205 558 2264 motu
586 2201 767 2264 animorum
798 2199 984 2264 conciliaret
1006 2200 1042 2260 in
1066 2197 1201 2260 dicendo

135 2309 251 2373 fidem“
275 2311 389 2372 -sic
413 2311 499 2372 enim
523 2309 668 2373 definivit
692 2305 998 2394 amplificationemss)
1013 2345 1055 2353 —
1073 2307 1202 2370 duobus

139 2419 253 2483 confici
272 2419 368 2482 dixit:
394 2424 425 2482 et
440 2419 613 2483 verborum
636 2439 753 2502 genero
777 2425 808 2483 et
831 2439 951 2482 rerum.
998 2415 1144 2492 Quorum
1168 2419 1202 2480 in

135 2529 214 2592 locis
246 2529 435 2594 adhibendis
473 2531 590 2593 oratori
622 2549 748 2612 semper
770 2527 982 2592 iudicandum
1008 2531 1039 2590 et
1062 2527 1229 2610 pendent

140 2638 214 2701 dum
235 2658 305 2703 esse
322 2641 431 2722 sensit,
452 2642 508 2724 qui
528 2641 567 2704 ad
584 2639 864 2723 amplificationem
881 2637 1081 2702 efficiendam
1098 2642 1205 2701 essent

138 2750 279 2813 maxime
295 2748 415 2830 idonei3
437 2771 512 2814 narn
525 2771 543 2814 a
557 2750 723 2814 defensore
736 2749 927 2832 plerumque
939 2746 1201 2826 misericordiam,

139 2860 177 2916 ab
209 2863 397 2921 accusatore
426 2860 627 2923 iracundiam
656 2860 790 2922 excitari
814 2855 943 2938 debere3
979 2872 1072 2937 saepe
1096 2858 1212 2942 autem,

245 3068 271 3135 1)
289 3067 425 3121 simillime
443 3067 518 3126 Bmt.
533 3071 575 3136 50,
600 3073 668 3134 188;
689 3070 735 3124 cfr.
756 3070 788 3122 de
808 3084 845 3122 or.
865 3067 899 3132 11,
919 3071 961 3133 51,
980 3069 1033 3122 206
1052 3078 1134 3132 sequ,
1157 3065 1205 3120 ubi
1243 3128 1245 3132 ,

140 3160 219 3213 etiam
248 3159 388 3213 nonnullos
417 3158 498 3223 locon,
525 3161 621 3228 quibus
639 3164 728 3216 motus
748 3160 899 3214 animorum
918 3157 1029 3212 excitari
1049 3157 1144 3225 solent,
1163 3174 1204 3211 ex·

139 3252 252 3318 plicatos
270 3251 433 3306 invenimus.

244 3343 499 3412 2)cfr.deor.11,
527 3348 570 3406 47,
603 3347 662 3410 195,
690 3359 804 3414 quocum
827 3342 885 3397 loco
909 3341 1055 3411 comparari
1073 3340 1154 3396 debet
1171 3343 1204 3396 de

141 3447 179 3485 or.
199 3432 235 3498 ΙΙ,
254 3438 296 3498 28,
316 3438 377 3492 124.

247 3525 274 3591 3)
295 3526 576 3595 deor.11,29‚129;
597 3541 634 3582 or.
656 3529 698 3592 38,
719 3526 779 3582 132.

247 3615 274 3683 4)
294 3616 537 3685 Amplifrcationem
562 3618 642 3673 etiam
667 3619 695 3670 in
717 3616 822 3684 reliqna
840 3616 958 3670 oratione
977 3614 1098 3670 adhiberi
1117 3629 1204 3682 posse,

142 3708 169 3760 id
190 3709 260 3776 qnod
279 3706 370 3762 Cicero
390 3710 423 3762 de
441 3714 509 3778 part.
528 3727 564 3768 or.
584 3715 609 3778 8,
629 3715 662 3767 27
688 3709 786 3776 docuit,
805 3709 857 3763 hac
875 3724 904 3762 re
922 3726 976 3762 non
995 3714 1116 3775 negatur.

249 3803 276 3867 ὃ)
297 3802 329 3854 de
348 3818 385 3860 or.
404 3801 439 3866 II,
459 3806 504 3871 81,
523 3806 587 3870 3323
608 3819 644 3857 or.
664 3806 708 3872 36,
728 3806 791 3865 1273
811 3803 867 3868 top.
888 3805 930 3865 26,
949 3799 1063 3855 ars-99.

249 3893 275 3963 6)
295 3893 341 3947 cfr.
361 3894 503 3959 rationem,
523 3908 575 3960 qua
593 3896 626 3950 de
644 3897 711 3963 part,
731 3910 767 3949 or.
786 3894 812 3964 8,
831 3897 865 3949 27
894 3889 1131 3959 amplificationem
1158 3887 1203 3941 de·

142 3985 242 4039 finivit:
272 3987 330 4051 „est
348 3984 419 4038 onim
438 3984 609 4053 amplificatio
628 3986 771 4040 vehemens
791 3983 922 4053 quaedam
941 3981 1150 4052 argumentatio,
1174 3981 1208 4033 nt

141 4078 189 4130 illa
208 4080 258 4146 [sc.
276 4078 352 4148 fides]
374 4077 488 4131 docendi
507 4092 588 4130 causa
606 4078 650 4148 sit,
669 4079 735 4132 haec
754 4075 966 4132 commovendi.“
