2686 4560
586 78 760 140 ..71-

140 259 190 318 est
227 255 328 317 oratio
359 257 497 338 quadarn
521 255 777 319 dissimulatione
801 263 832 318 et
855 255 1044 318 circuitione
1068 253 1204 318 obscure

140 363 277 427 subiens
300 365 457 429 auditoris
481 365 653 428 animrrm.“
700 365 760 427 Oui
786 365 951 446 partitioni
974 364 1056 426 nihil
1079 362 1205 427 obicere

140 473 304 553 volumus,
340 494 538 557 quamquam
573 475 754 538 necessaria
786 472 878 536 nobis
902 493 967 536 nou
992 472 1136 551 videtur3
1173 476 1206 535 at

141 582 223 645 illud
248 584 390 647 maxime
413 583 641 646 admirandum
666 588 723 663 est,
753 582 841 665 quod
864 587 927 646 tres
947 582 1019 645 illas
1035 600 1096 659 res,
1122 595 1207 664 quas¹

144 710 242 774 supra
265 690 364 754 finem
388 692 514 754 exordii
538 711 608 756 esse
632 693 766 774 diaerat,
803 693 863 754 hoc
898 691 967 754 loco
990 692 1111 774 primae
1134 696 1204 754 tan·
1301 712 1310 727 v·

142 805 212 863 tum
229 802 312 882 parti
331 800 477 864 attribuit
493 819 613 884 earum,
636 803 670 864 in
689 822 768 884 quas
793 801 963 864 exordium
986 801 1123 884 partitus
1147 804 1205 863 est.

251 907 299 972 De
313 929 375 972 usu
393 915 500 973 autem
518 911 645 974 illarum
664 913 803 994 partium
821 911 853 973 in
875 911 1012 993 singulis
1033 908 1206 993 generibus

142 1037 259 1082 censae
294 1018 333 1082 de
367 1021 433 1082 inv.
471 1018 495 1101 I,
520 1020 624 1101 15,21
661 1020 834 1105 haecofere
857 1020 1077 1104 praescripsit:
1115 1017 1206 1081 Prin·

142 1130 264 1211 cipium
299 1130 440 1192 maxime
473 1128 692 1193 adhibendum
725 1136 773 1192 est
796 1130 830 1191 in
853 1147 970 1210 genere
993 1129 1116 1209 humili,
1151 1147 1207 1191 an-

142 1238 241 1320 cipiti,
267 1235 415 1317 obscuro,
438 1238 582 1319 honesto,
606 1240 670 1302 nisi
692 1228 773 1302 forte
797 1242 911 1317 orator,
936 1239 1064 1300 cumei
1088 1238 1127 1299 de
1151 1238 1206 1299 ho·
1268 1252 1282 1263 ·

138 1350 233 1409 nesta
258 1365 358 1408 causa
382 1347 546 1430 agendum
570 1353 625 1429 est,
654 1349 829 1410 orationem
853 1348 960 1409 statim
984 1347 1207 1408 enarratione

138 1455 243 1519 ordiri
278 1455 429 1539 praefert3
465 1458 684 1520 insinuatione
718 1474 793 1518 vero
823 1460 928 1518 orator
950 1457 983 1516 in
1007 1472 1125 1538 genere
1152 1454 1207 1516 ad·

136 1564 283 1627 mirabili
308 1568 426 1644 utetur,
463 1568 610 1648 quamvis
646 1567 741 1630 etiam
774 1565 970 1648 principium
994 1583 1088 1647 saepe
1111 1567 1146 1627 in
1169 1583 1206 1628 eo

133 1672 252 1736 locum
277 1672 393 1741 babere
416 1679 529 1756 potest.

250 1781 398 1865 Utraque
441 1803 516 1866 pars
555 1785 634 1847 locis
671 1783 865 1866 quibusdam
902 1784 1081 1864 adiuvatur,
1126 1803 1207 1866 quos

134 1891 256 1955 Cicero
291 1891 330 1955 de
353 1893 421 1956 inv,
446 1893 469 1974 l,
496 1895 546 1972 16,
560 1895 755 1974 22-18,25
781 1895 903 1978 attulit;
937 1892 994 1955 ubi
1025 1894 1118 1974 prius
1153 1912 1208 1955 eos

131 2002 300 2080 tractavit,
327 2001 445 2084 quibus
463 2008 568 2066 orator
590 2003 751 2066 auditores
775 2002 957 2082 benevolos,
982 2006 1129 2082 attentos
1154 2001 1209 2064 do-

133 2110 221 2172 ciles
244 2109 375 2192 perficit,
405 2132 501 2194 quam
533 2113 573 2175 ad
600 2112 828 2176 insinuationis
852 2115 1020 2196 praecepta
1043 2112 1205 2174 transiret.

133 2218 182 2282 In
207 2220 267 2281 hac
291 2239 326 2282 re
350 2226 456 2284 autem
482 2240 545 2287 non
570 2223 688 2302 omnia,
723 2240 804 2304 quae
827 2222 1039 2304 praescripsit,
1075 2220 1114 2282 ad
1138 2239 1208 2283 ver-

135 2329 224 2393 bum
258 2328 445 2410 referemus,
481 2351 555 2393 cum
590 2331 741 2394 facillime
775 2331 810 2392 in
835 2329 998 2393 Ciceronis
1028 2331 1154 2413 scriptis
1178 2335 1210 2394 et

139 2439 348 2520 reperiantur
382 2447 413 2503 et
455 2446 699 2524 cognoscantur,
742 2446 904 2524 praeterea
946 2445 1054 2504 autem
1090 2439 1209 2522 Cicero,

141 2567 345 2631 quamquam
382 2551 559 2632 permultos
597 2553 683 2614 locos
723 2552 933 2627 enumeravit,
980 2556 1088 2613 tamen
1123 2551 1209 2613 hunc

139 2657 279 2721 illumve
314 2662 575 2739 praetermiserit;
613 2665 806 2742 quapropter
841 2660 982 2722 maxima
1017 2664 1143 2721 tantum
1179 2666 1228 2723 et.

140 2768 338 2850 gravissima
362 2767 480 2850 eligere
503 2770 596 2832 nobis
619 2770 725 2832 liceat.

255 2874 519 2942 Benevolentiam
536 2880 636 2962 igitur
652 2884 757 2941 orator
781 2882 934 2960 quattuor
957 2896 999 2940 ex
1022 2878 1100 2941 locis
1124 2898 1210 2942 com-

145 3003 262 3069 parare
286 2991 402 3068 potest:
427 3007 446 3049 a
469 3007 537 3069 sua,
561 2989 600 3051 ab
625 2989 889 3068 adversariorum,
915 2986 953 3050 ab
971 2987 1117 3050 iudicum
1140 3008 1210 3070 per-

146 3113 237 3172 sona,
262 3115 280 3156 a
304 3115 409 3158 cause.
456 3096 494 3160 Id
519 3103 635 3180 autem,
669 3104 704 3162 ut
728 3097 892 3161 auditores
917 3096 1086 3180 diligenter
1109 3102 1210 3160 atten-

147 3202 235 3281 dant,
271 3203 375 3285 efficit,
411 3208 438 3270 si
474 3210 513 3270 de
547 3210 683 3290 magnis,
719 3209 822 3288 novis,
856 3206 1011 3270 inauditis
1042 3205 1140 3270 rebus
1176 3225 1211 3270 se

149 3317 297 3376 acturum
322 3333 393 3379 esse
416 3318 595 3400 pollicetur.
645 3317 773 3381 Dociles
809 3318 950 3399 denique
985 3335 1038 3379 eos
1067 3315 1148 3395 facit,
1183 3317 1211 3378 si

149 3424 261 3504 paucis
296 3429 392 3508 atque
425 3427 574 3492 dilucidis
608 3426 715 3491 verbis
745 3447 905 3491 summam
930 3445 1045 3488 causae
1068 3426 1210 3506 exponit.

256 3533 482 3599 insinuatione
502 3557 577 3600 vero
597 3539 699 3600 utitur
715 3542 830 3614 orator,
855 3537 882 3598 si
906 3541 961 3597 aut
986 3552 1084 3598 causa
1107 3535 1211 3617 turpis

150 3647 200 3703 est
232 3647 289 3705 aut
313 3644 487 3708 adversarii
516 3646 717 3711 auditoribus
740 3648 803 3709 iam
828 3644 1029 3728 persuasisse
1052 3645 1211 3722 videntur,

149 3756 207 3812 aut
230 3750 286 3833 illi,
310 3755 395 3836 apud
421 3776 503 3837 quos
519 3757 692 3820 dicendum
716 3760 772 3837 est,
798 3755 912 3819 defessi
932 3760 1009 3818 sunt
1033 3753 1210 3836 audiendo,

148 3858 270 3924 idcirco
291 3880 345 3926 eas
360 3884 419 3947 reS,
445 3886 530 3950 quae
549 3868 732 3931 auditorum
748 3866 872 3929 animos
895 3863 1077 3927 abalienare
1100 3863 1212 3942 solent,
