2686 4560
579 259 754 320 -76-

245 433 398 499 Proxime
421 436 461 498 ad
485 436 572 499 huno
596 436 711 517 locum,
736 456 831 518 quem
849 437 953 500 adnuo
976 439 1201 513 tractavimus

62 553 64 558 ’
135 547 293 610 accedunt
328 565 409 627 quae
438 546 599 608 Antonius
628 545 666 608 de
697 565 739 609 or.
768 544 810 620 ll,
847 546 1132 623 80‚326-81,330
1159 548 1201 610 de

134 657 316 720 narratione
350 654 491 736 protulit,
531 656 678 736 quamvis
710 656 749 735 is,
783 656 866 717 sicut
899 656 963 717 iam
993 655 1200 719 animadver-

134 767 242 843 timus,
266 783 339 826 cum
366 763 405 825 de
428 763 560 826 exordio
585 765 832 847 disputaremus,
856 784 982 847 semper
1005 764 1037 826 id
1062 766 1137 845 egit,
1165 770 1201 828 ut

136 874 329 937 Graecorum
354 877 530 955 praecepta,
563 893 645 956 quae
670 872 779 938 Cicero
812 875 845 936 in
877 873 968 936 libris
1002 873 1059 952 „de
1082 875 1200 936 inven-

134 984 239 1045 tione“
263 983 395 1044 omnino
419 985 548 1065 accepit,
573 983 772 1065 deprimeret.
820 983 873 1046 Sic
897 984 956 1046 hoc
973 1000 1102 1066 quoque
1126 983 1199 1045 loco

135 1093 312 1170 admonuit,
353 1109 395 1153 ne
429 1092 529 1154 nimia
564 1091 718 1155 brevitate
752 1093 784 1154 in
821 1093 982 1155 narrando
1023 1098 1200 1170 uteremur,

133 1221 208 1264 cnm
243 1219 281 1263 ea
306 1205 337 1263 et
360 1200 587 1264 obscuritatem
611 1201 735 1265 afferret
770 1207 801 1266 et
833 1204 1004 1264 maximam
1042 1202 1196 1265 virtutem

134 1311 337 1387 narrationis,
370 1314 405 1371 ut
437 1310 579 1373 iucunda
611 1286 706 1372 etad
729 1311 992 1392 persuadendum
1017 1329 1199 1374 accommo-

135 1422 208 1482 data
231 1420 283 1496 sit,
307 1419 513 1500 deperderet3
541 1424 572 1482 et
595 1419 703 1503 paullo
735 1424 808 1502 post
832 1418 1058 1483 obscuritatem
1084 1440 1198 1483 narra-

134 1529 230 1590 tionis
253 1529 370 1589 iterum
397 1530 597 1611 vituperavit,
620 1549 696 1592 cum
721 1530 760 1592 de
776 1548 822 1590 or.
848 1528 888 1608 ll,
914 1529 1032 1607 80,329
1057 1529 1197 1591 diceret:

136 1638 294 1716 „narratio
330 1635 465 1699 obscura
488 1642 586 1700 totam
615 1636 765 1699 obcaecat
788 1639 992 1718 orationem,“
1026 1638 1102 1720 quia
1128 1639 1199 1700 eius

135 1766 237 1828 „unus
261 1748 294 1808 in
330 1764 427 1808 causa
459 1747 569 1810 locus“
595 1752 686 1812 esset.
740 1744 802 1809 Sed
826 1747 961 1810 aliarum
992 1766 1124 1830 quoque
1148 1767 1198 1810 re-

133 1875 216 1933 rum,
254 1873 334 1936 quas
368 1854 406 1917 de
438 1856 505 1920 inv.
539 1855 565 1931 l,
603 1856 841 1937 rear-mac
874 1856 1070 1932 invenimus,
1104 1875 1197 1918 men-

133 1965 251 2026 tionem
277 1963 359 2026 tecit.
406 1963 459 2027 Sic
482 1966 570 2028 illam
594 1971 725 2046 partem,
754 1967 892 2047 quaein
918 1965 1062 2046 personis
1086 1983 1196 2027 versa-

133 2078 186 2135 tur
210 2092 358 2156 quaeque
380 2074 445 2136 illio
468 2077 562 2137 tertio
582 2077 701 2156 generi,
724 2074 910 2137 acivilibus
935 2074 1040 2136 causis
1063 2079 1198 2148 remote,

134 2182 279 2246 subiecta
303 2187 359 2263 est,
388 2203 454 2245 uua
478 2203 550 2247 cum
581 2186 764 2256 narratione
788 2184 945 2267 probabili
969 2189 1001 2247 et
1024 2188 1133 2265 aperta
1158 2185 1197 2247 de

134 2312 180 2357 or.
203 2291 247 2369 ΙΙ,
272 2293 502 2373 sonna-329
522 2294 792 2361 commemoravit.
841 2294 929 2370 Quae
950 2311 1024 2355 vero
1042 2294 1197 2373 universe

133 2402 173 2464 ab
190 2401 330 2466 Antonio
356 2403 394 2464 de
418 2406 601 2467 narratione
617 2402 881 2488 praescribuntur
904 2401 943 2463 de
961 2420 1005 2464 or.
1022 2401 1064 2481 II,
1089 2403 1197 2483 8130,

133 2530 169 2574 ea
192 2512 288 2592 plane
312 2530 384 2573 cum
407 2513 447 2574 iis
463 2515 639 2595 praeceptis
656 2512 871 2591 consentiunt,
896 2529 978 2592 quae
1002 2515 1132 2572 exstant
1156 2511 1196 2574 de

132 2623 199 2683 inv.
221 2620 245 2694 I,
271 2620 374 2700 21,30.

237 2729 274 2792 ln
310 2730 422 2793 ceteris
456 2729 549 2794 libris
585 2732 752 2796 rhetoricis
788 2727 899 2793 Cicero
934 2729 1126 2813 plerumque
1161 2729 1193 2790 id

133 2857 235 2902 unum
262 2839 300 2902 de
323 2843 505 2904 narratione
530 2842 647 2921 docuit,
670 2845 707 2904 ut
729 2840 846 2920 brevis,
874 2843 992 2921 aperta,
1020 2837 1196 2920 probabilis

133 2952 225 3026 esset,
250 2951 398 3031 quamvis
422 2951 492 3014 aliis
516 2952 605 3027 locis,
639 2949 696 3013 ubi
720 2950 798 3011 haec
824 2949 885 3010 tria
917 2948 1100 3031 postulavit,
1124 2947 1196 3010 aliis

52 3113 55 3120 .
134 3076 264 3140 quoque
291 3058 453 3122 vocabulis
477 3081 559 3123 usus
584 3064 641 3125 est.

239 3166 291 3230 Sic
315 3167 354 3230 de
378 3188 423 3232 or.
448 3168 490 3248 II,
525 3171 575 3250 19,
608 3170 649 3232 80
675 3170 850 3232 Antonius:
887 3166 1047 3248 „deinde,“
1079 3167 1199 3250 inquit,

132 3297 216 3360 „rem
265 3297 395 3340 narrare
448 3281 505 3357 ita,
552 3284 588 3342 ut
633 3279 816 3343 verisimilis
868 3278 1007 3340 narratio
1058 3277 1116 3355 sit,
1162 3283 1201 3340 ut

133 3392 249 3468 aperta,
295 3393 331 3450 ut
358 3387 501 3470 brevis;“
529 3395 560 3453 et
595 3406 653 3454 or.v
677 3390 728 3463 36,
758 3388 822 3450 124
857 3387 967 3450 eadem
1002 3386 1052 3448 his
1090 3386 1201 3450 verbis

132 3495 367 3575 significantur:
404 3498 629 3578 „Narrationes
657 3499 827 3562 credibiles
855 3515 915 3559 neo
942 3496 1102 3571 historice,
1143 3496 1200 3559 sed

132 3623 230 3688 prope
256 3607 442 3687 quotidiano
466 3627 614 3672 sermone
638 3610 815 3690 explicatae
839 3604 1008 3669 dilucide.“
1064 3603 1098 3666 Si
1123 3624 1210 3668 vero

134 3716 172 3777 de
196 3721 275 3798 part.
289 3735 331 3778 or.
347 3718 374 3797 9,
400 3719 439 3780 31
464 3717 711 3801 praescribitur:
738 3715 838 3797 „Nam
863 3720 899 3778 ut
923 3713 1060 3778 dilucide
1083 3713 1211 3798 proba-

132 3822 302 3908 biliterque
320 3847 495 3909 narremus,
512 3827 729 3890 necessarium
742 3830 801 3903 est,
816 3825 872 3888 sed
886 3842 1088 3887 assumemus
1102 3825 1211 3887 etiam

133 3935 354 4015 suavitatem,“
374 3939 454 4000 nibil
479 3940 554 4000 novi
580 3936 672 3999 nobis
695 3935 878 4019 praebetur,
901 3955 976 3997 nam
1001 3931 1216 4007 brevitatem,

133 4064 227 4124 quam
253 4046 482 4127 desideramus,
519 4067 592 4109 cum
617 4047 800 4110 narratione
824 4024 966 4107 dilucida
989 4044 1213 4107 coniunctam
