2618 4560
511 299 555 311 -
580 265 701 326 at...

66 441 212 506 subiecta
224 444 274 507 sit.
319 441 419 524 Atqui
435 460 529 505 nemo
549 442 655 505 adhuc
679 443 807 525 negavit
830 443 908 506 tales
926 443 1131 526 quaestiones

66 571 132 630 qen
155 555 219 614 tarn
244 550 285 613 ad
310 551 473 634 proprium
498 552 632 614 oratoris
656 549 807 633 officium,
841 572 939 634 quam
968 552 1008 614 ad
1032 559 1131 616 mate·

64 662 147 724 riam
170 660 372 742 eloquentiae
395 661 565 742 pertinere.
613 658 697 742 Ergo
722 663 808 724 sicut
831 661 904 725 illae
928 664 1132 744 quaestiones

66 769 233 832 materiam
257 770 292 830 in
314 787 434 850 genera
458 769 509 832 vel
531 774 636 852 partes
660 771 817 852 dividunt,
845 773 889 834 ita
913 772 990 834 hacc
1012 790 1131 852 genera

67 897 126 942 seu
137 882 241 960 partes
255 874 539 942 constitutionibus
555 879 589 941 in
607 880 747 943 minores
759 885 866 963 partes
880 879 1128 946 distribuuntur.

173 987 281 1069 Atque
304 989 384 1051 illud
413 989 584 1067 neminem,
620 990 675 1070 qui
700 987 861 1053 Ciceronis
894 989 993 1053 libros
1025 990 1131 1052 rheto-

64 1098 149 1160 ricos
174 1099 356 1160 accuratius
389 1101 420 1159 et
453 1097 638 1179 diligentius
661 1099 810 1181 inspexit,
846 1099 986 1182 effugere
1019 1103 1131 1181 potest,

67 1204 254 1268 Ciceronem
277 1207 373 1286 iniis,
391 1225 471 1288 quos
495 1210 595 1270 aetate
619 1207 682 1269 iam
706 1207 908 1271 corroborata
931 1209 1131 1291 conscripsit,

63 1315 98 1377 id
123 1315 298 1396 studuisse,
335 1320 371 1378 ut
404 1317 626 1398 quaestionum
656 1316 854 1379 infinitarum
879 1318 1006 1400 partitio
1031 1337 1130 1399 quam

65 1425 208 1487 maxime
231 1430 422 1507 congrueret
438 1445 511 1489 curn
524 1425 695 1509 partitione
712 1426 938 1506 quaestionum
955 1426 1128 1490 finitarum.

175 1533 236 1598 Sed
266 1536 441 1616 videamus,
478 1534 556 1617 quid
584 1532 693 1596 Cicero
729 1534 768 1596 de
805 1534 941 1598 statibus
975 1535 1128 1600 docuerit.

64 1643 177 1706 Primo
210 1645 278 1707 loco
312 1645 346 1706 in
381 1645 440 1707 hac
475 1644 689 1725 explicatione
724 1643 898 1707 referamus
928 1643 1129 1708 definitiones

66 1757 170 1816 status
205 1772 263 1817 seu
297 1755 545 1834 constitutionis,
581 1773 662 1837 quas
702 1753 787 1835 apud
827 1771 900 1816 eum
935 1754 1130 1818 invenimus.

65 1860 117 1924 De
132 1863 204 1927 inv.
223 1862 247 1941 l,
266 1864 295 1943 8,
316 1862 355 1925 10
380 1864 641 1927 constitutionem
666 1864 725 1924 hoc
749 1861 843 1924 modo
867 1863 1131 1946 circumscripsit:

65 1969 165 2053 „llam
189 1971 289 2053 igitur
313 1971 542 2054 quaestionem,
577 1991 619 2036 ex
655 1992 718 2054 qua
747 1990 843 2034 causa
871 1973 1022 2052 nascitur,
1058 1991 1131 2034 con-

64 2081 269 2144 stitutionem
294 2081 501 2164 appellamus.
558 2079 750 2144 constitutio
775 2086 822 2143 est
845 2082 948 2162 prima
971 2079 1131 2144 conflictio

64 2209 236 2252 causarum
263 2209 304 2252 ex
329 2190 514 2273 depulsione
537 2191 727 2253 intentionis
750 2189 901 2272 profecta,
935 2190 995 2252 hoc
1020 2189 1129 2252 modo:

64 2298 212 2381 ,Fecisti‘
259 2297 339 2380 ,Non
363 2299 442 2379 feci,‘
476 2303 545 2362 aut:
581 2298 663 2380 ,Iure
687 2298 781 2372 feci·,“
815 2302 845 2360 et
873 2298 984 2361 eadem
1008 2299 1131 2366 ratione

64 2409 331 2471 constitutionem
358 2408 396 2471 de
425 2409 492 2471 inv,
517 2408 541 2488 l,
578 2407 628 2490 10,
662 2409 677 2470 l
735 2408 852 2471 iterum
886 2411 981 2489 atque
1014 2409 1131 2471 iterum

66 2517 276 2598 „intentionis
312 2518 553 2600 depulsionem“
589 2518 769 2601 appellavit.
832 2517 923 2579 idem
957 2517 1133 2581 certissime

64 2627 169 2690 sensit
192 2626 365 2706 Antonius,
380 2645 453 2689 cum
478 2627 516 2689 de
541 2626 705 2706 or.Il‚30,
722 2629 781 2689 132
808 2627 941 2692 diceret:
966 2675 982 2708 „
996 2673 1046 2690 ...
1068 2647 1131 2708 quo
1158 2695 1160 2698 ,

63 2744 233 2818 perspecto
257 2735 363 2798 statim
388 2737 525 2799 occurrit
623 2738 700 2820 quid
724 2737 820 2799 faciat
843 2756 982 2813 cansam,
1016 2736 1050 2797 id
1073 2741 1131 2811 est,

64 2863 133 2926 quo
157 2843 283 2907 sublato
308 2845 524 2908 controversia
548 2849 630 2908 stare
654 2864 718 2908 non
741 2846 870 2926 possit.“
928 2843 1041 2925 Neque
1069 2842 1132 2904 alia

64 2956 117 3015 est
140 2952 319 3036 descripti0,
344 2973 441 3036 quarn
466 2957 574 3017 noster
597 2958 660 3035 top.
687 2954 738 3030 25,
760 2954 801 3017 93
827 2951 914 3014 dedit
936 2953 986 3014 his
1009 2951 1130 3014 verbis:

63 3061 246 3144 „Relutatio
271 3067 377 3126 autem
402 3063 624 3139 accusationis,
658 3063 692 3123 in
728 3082 793 3144 qua
825 3068 873 3125 est
902 3061 1046 3144 depulsio
1071 3062 1130 3123 cri-

54 3173 175 3253 -miniS,
204 3173 358 3255 quoniam
384 3171 502 3235 Graece
527 3165 645 3247 στάσις
669 3172 797 3241 dicitur,
821 3170 996 3253 appelletur
1020 3168 1130 3232 Latine

63 3286 183 3365 status3
214 3282 249 3343 in
283 3295 352 3364 quo'
378 3284 520 3366 primum
554 3281 673 3343 insistit
702 3283 792 3363 quasi
817 3281 855 3342 ad
881 3277 1130 3362 repugnandum

64 3381 239 3473 congressa
263 3390 435 3456 defensio.“

175 3498 223 3563 De
246 3501 324 3582 ipsis
349 3498 486 3564 statibus
511 3498 621 3562 Cicero
645 3517 772 3562 summa
794 3497 953 3561 industria
977 3500 1131 3562 maxima-

66 3627 132 3691 que
159 3608 326 3688 diligentia
349 3609 381 3669 in
406 3606 497 3670 libris
522 3605 798 3688 „de'inventione“
819 3609 1042 3690 superscriptis
1058 3609 1132 3689 egit,

65 3717 125 3781 ubi
148 3718 295 3800 proxime
328 3716 368 3778 ad
392 3735 463 3779 eam
487 3718 705 3798 partitionem,
733 3736 828 3798 quam
852 3716 994 3779 rhetores
1017 3718 1131 3798 graeci,

66 3827 226 3909 imprimis
241 3825 465 3908 Hermagoras
486 3825 675 3905 docuerunt,
690 3822 858 3908 accessit,¹)
886 3844 960 3887 cum
983 3827 1018 3888 in
1042 3826 1132 3893 libris

175 3956 201 4026 1)
221 3955 274 4012 Cir.
285 3948 435 4014 Krtilmert:
456 3955 523 4022 „Die
533 3955 655 4024 Anltnge
667 3956 715 4008 der
726 3954 857 4008 Rhetorilr
867 3955 911 4010 bei
925 3956 976 4009 den
988 3956 1132 4014 Rtimern.“

68 4045 161 4114 Progr.
189 4045 290 4100 Memel
319 4052 395 4103 1877.
442 4063 499 4116 cap.
530 4047 591 4104 VII.
635 4046 766 4107 Netzier:
802 4047 1003 4120 „Hermagoras
1031 4045 1132 4114 Cicero,
