2618 4560
557 242 732 304 -91-

115 419 201 481 lavit.
250 414 340 491 Quae
374 425 539 482 accusator
573 418 611 481 de
635 437 741 499 causa,
774 439 872 501 quam
905 438 1031 504 semper
1066 423 1179 506 ampti-

116 527 210 590 ficare
235 533 267 590 et
291 544 408 608 augere
433 526 584 608 studebit,
607 528 642 590 in
665 547 756 591 reum
773 528 913 610 proferre
930 530 1025 594 debet
1049 551 1179 614 quaqua

117 638 239 700 ratione
277 635 425 700 defensor
459 638 697 701 accusationem
733 637 928 721 infirmabit,
962 658 999 702 ea
1034 640 1179 721 exposita

117 748 294 830 reperimus
330 743 369 808 de
403 747 468 807 inv.
492 745 533 827 ΙΙ,
570 745 772 826 5‚19-8,28.
824 745 901 810 Loci
936 768 1021 830 vero,
1057 748 1178 829 quiex

121 876 254 940 persona
278 854 460 937 capiuntur,
496 856 535 918 ad
568 875 621 920 eas
644 874 696 919 res
720 856 890 939 pertinent,
926 877 1008 940 quae
1032 859 1180 940 personis

119 965 286 1030 attributae
309 961 425 1044 sunt.¹)
472 963 559 1039 Quas
583 966 642 1028 hoo
664 965 735 1029 loco
756 974 924 1049 propterea
947 968 1072 1030 silentio
1088 985 1179 1049 prae·

119 1077 210 1138 terire
234 1093 418 1156 possumus,
447 1077 523 1157 quia
551 1094 649 1157 supra
678 1075 740 1138 iarn
766 1075 804 1138 de
827 1077 877 1158 iis,
908 1082 1064 1159 qnantum
1089 1095 1181 1159 opor·

120 1185 184 1265 tuit,
209 1184 332 1246 dictum
356 1187 413 1248 cst.
449 1181 727 1258 Quemadmodum
751 1190 858 1249 autem
882 1191 1048 1251 accusator
1072 1191 1103 1248 et
1127 1186 1181 1248 de-

120 1293 224 1358 fensor
249 1293 288 1356 iis
313 1297 490 1373 uterentur,
515 1292 624 1357 Cicero
650 1294 689 1357 de
712 1296 778 1360 inu
803 1272 968 1377 11,⁴10,32
995 1314 1084 1379 sequ.
1109 1313 1182 1377 ape·

121 1404 200 1483 ruit,
228 1401 286 1466 ubi
309 1401 359 1463 illi
381 1401 646 1484 improbationem
672 1406 813 1466 accusati
838 1404 1081 1478 commendavit,
1104 1405 1181 1467 huic

122 1512 282 1577 autemid
306 1512 447 1574 maxime
476 1512 639 1592 agendum
673 1530 743 1575 esse
768 1511 861 1587 dixit,-
893 1517 929 1574 ut
955 1514 1084 1596 „aliqua
1107 1516 1182 1574 nota

73 1616 76 1621 ’
123 1628 149 1682 et
193 1622 378 1684 communia
424 1620 547 1683 officia‘
594 1623 641 1684 rei
683 1622 865 1685 ostenderet
911 1626 1013 1704 eaque
1060 1624 1182 1686 rationo

124 1731 319 1793 honestatem
355 1736 385 1794 et
421 1733 643 1794 auctoritatem
680 1733 751 1794 eius
787 1727 968 1813 servaret.2)
1025 1728 1087 1805 uui
1121 1728 1184 1791 loci

126 1839 260 1921 denique
284 1858 326 1901 ex
348 1839 431 1904 facto
455 1837 663 1920 educuntursst
687 1842 781 1925 plane
805 1842 1012 1906 consentiunt
1035 1859 1110 1902 oum
1132 1839 1183 1914 iis,

127 1968 202 2031 quos
228 1947 338 2010 Cicero
373 1949 412 2012 de
434 1951 501 2013 inv.
526 1949 552 2030 I,
586 1950 691 2031 26,3i,
715 1969 796 2032 ‚,res‚
829 1969 914 2033 quae
937 1947 1073 2030 negotiis
1097 1945 1183 2008 attri·
1269 1942 1272 1949 ’

127 2057 214 2121 butae
249 2058 345 2121 sunt“
380 2060 553 2141 appellavit
588 2078 734 2142 quosque
768 2062 831 2122 iam
863 2079 892 2141 p.
923 2061 964 2120 82
1001 2056 1182 2136 attulimns3

128 2173 289 2250 propterea
314 2185 367 2230 eos
393 2168 537 2231 hocloco
560 2188 626 2231 non
645 2174 838 2250 repetamus.
885 2166 947 2230 Sed
971 2183 1065 2247 saepe
1089 2165 1182 2226 etiam

128 2279 318 2360 suspitiones
353 2279 568 2343 communiter
602 2283 634 2342 et
656 2296 698 2341 ex
720 2279 923 2361 negotiorum
958 2280 990 2338 et
1013 2294 1054 2337 ex
1077 2291 1183 2355 perso·

129 2404 237 2460 narum
263 2386 528 2450 attributionibus
563 2387 739 2452 sumendae
775 2388 860 2464 sunt,
894 2388 930 2446 ut
963 2384 1117 2447 discimus
1145 2382 1184 2445 dc

128 2494 390 2579 inv.11,13,42;
422 2517 558 2579 quarum
586 2500 621 2560 in
644 2491 887 2579 descriptione4)
913 2492 1024 2558 Cicero
1048 2512 1122 2568 non,
1150 2496 1185 2554 ut

130 2607 160 2668 in
181 2607 261 2670 locis
285 2625 327 2670 ex
350 2625 447 2669 causa
472 2614 503 2669 et
526 2626 568 2670 cx
591 2626 727 2690 persona
752 2605 917 2669 sumendis
939 2604 1023 2685 fecit,
1045 2603 1186 2686 primum

130 2717 369 2796 accusationem,
396 2716 511 2779 deinde
528 2717 747 2780 defensionem
763 2716 919 2794 tractavit,
940 2714 996 2776 sed
1014 2714 1186 2775 coniuncte

130 2822 164 2888 de
184 2827 225 2889 iis
250 2827 324 2908 egit,
348 2826 424 2907 quia
452 2824 634 2906 „infinitum
658 2829 740 2887 esset
764 2829 810 2886 tot
833 2822 991 2885 derebus
1015 2824 1187 2901 utramque

131 2931 160 2996 in
181 2940 303 3017 partem
328 2936 515 3018 singillatim
540 2936 578 2998 de
604 2953 667 2997 una
692 2951 822 3015 quaque
847 2930 1034 3015 explicare.“

230 3044 313 3108 Sunt
337 3050 444 3108 autem
468 3050 593 3127 praeter
616 3044 688 3106 illos
712 3047 976 3124 argumentorum
1000 3041 1095 3120 locor,
1130 3039 1187 3120 qui

132 3155 156 3214 oi
178 3173 293 3218 causae
317 3154 420 3218 solum
454 3156 687 3237 adiunguntur,
711 3170 794 3235 quae
821 3153 946 3232 dicitur,
969 3149 1024 3212 alii
1048 3166 1187 3230 quoque,

133 3266 165 3323 ut
186 3263 297 3327 Cicero
321 3263 474 3344 praecipit
505 3263 543 3324 de
570 3265 636 3326 inv.
658 3263 701 3343 II,
737 3260 840 3340 15,47,
874 3259 930 3340 qui
961 3258 1129 3322 transferri
1151 3257 1187 3318 in

133 3374 242 3438 multas
275 3391 390 3436 carrsas
424 3389 558 3454 possunt
589 3371 710 3452 quique
736 3369 813 3432 loci
838 3387 1062 3432 communes
1086 3366 1191 3446 nomi-¹

135 3487 252 3548 nentur.
299 3482 328 3544 Ii
344 3487 400 3544 aut
417 3485 521 3544 certae
544 3481 590 3543 rei
614 3485 670 3542 aut
694 3479 811 3542 dubiae
835 3478 999 3560 quandam
1023 3477 1188 3541 continent

133 3679 337 3692 ξ’...-

233 3771 259 3838 1)
279 3768 325 3823 ofr.
344 3768 377 3821 de
395 3767 450 3820 inv.
472 3765 492 3832 Ι,
511 3770 714 3835 nane-maa

160 3887 162 3892 ·
233 3860 259 3930 2)
278 3862 310 3914 de
329 3860 385 3916 inv,
404 3859 441 3928 ΙΙ,
460 3861 647 3926 9,·28-11,37.

233 3951 260 4021 3)
279 3953 312 4007 de
330 3953 384 4008 inv.
404 3951 438 4015 II,
459 3953 617 4016 lana-42.

235 4043 262 4112 4)
281 4045 314 4098 de
332 4044 388 4097 inv.
407 4042 445 4112 ΙΙ,
466 4041 667 4109 rana—tato.
