2618 4560
623 190 776 258 -o-

168 382 224 440 aut
247 376 286 439 de
308 376 411 459 ipsius
434 374 541 458 rebus,
564 379 620 438 aut
641 375 681 438 do
691 375 741 453 iis,
754 372 863 436 contra
878 390 958 452 quos
972 359 1026 437 aut
1038 391 1095 456 pro
1112 372 1244 455 quibus

169 486 261 563 dicat,
298 504 372 548 oum
402 486 509 568 aliqua
532 482 695 548 statuendi
718 488 872 566 potestate
895 482 1037 563 audiant,
1070 480 1111 544 ad
1134 499 1243 544 suum

167 594 335 658 arbitrium
372 612 500 680 movere
534 595 643 677 possit,
679 593 766 655 huno
790 592 916 665 detoto
940 592 995 655 illo
1018 607 1135 674 genere
1161 591 1243 653 reli·

169 723 306 786 quarum
345 705 525 768 orationum
564 723 630 766 non
665 701 737 785 plus
777 702 1002 784 quaesiturum
1036 717 1119 778 esse,
1157 699 1242 780 quid

163 795 261 894 dicat,
294 833 391 896 quam
415 813 612 894 Polyclitum
646 811 751 892 illum,
785 829 859 874 oum
885 808 1061 873 Herculem
1082 806 1241 888 fingebat,

169 923 441 1005 quemadmodum
464 923 580 1005 pellem
605 925 661 984 aut
682 920 815 1002 hydram
837 918 986 1002 fingeret,
1009 917 1133 982 etiamsi
1158 915 1243 980 haec

172 1051 340 1115 nunquam
365 1031 535 1114 separatim
552 1029 655 1092 faeere
673 1028 870 1108 didicisset;“
895 1028 1107 1111 quibuscum
1123 1025 1241 1090 verbis

168 1140 361 1204 eonferenda
396 1145 482 1219 sunt,
518 1158 601 1221 quae
629 1140 668 1201 de
694 1156 737 1201 or.
761 1137 804 1219 II,
829 1124 882 1214 17,
908 1137 948 1198 73
973 1137 1069 1200 dixit:
1103 1135 1161 1217 „ln
1187 1137 1241 1200 his

168 1246 317 1328 operibus
352 1249 378 1311 si
415 1250 488 1332 quis
522 1248 611 1311 illam
646 1253 747 1310 artem
777 1246 1061 1329 comprehenderit,
1093 1251 1129 1309 ut
1165 1252 1241 1308 tan-

170 1374 266 1438 quam
290 1356 422 1422 Phidias
438 1357 603 1421 Minervae
627 1359 756 1437 signum
776 1355 902 1420 efficere
925 1357 1035 1439 possit,
1059 1374 1124 1418 non
1148 1374 1241 1438 sane,

169 1465 451 1547 quemadmodum,
486 1470 523 1530 ut
557 1467 592 1528 in
627 1467 729 1549 clipeo
763 1465 848 1528 idem
873 1465 996 1547 artifeX,
1030 1459 1156 1529 minora
1179 1465 1241 1529 illa
1275 1498 1278 1505 ·

170 1592 264 1657 opera
287 1573 390 1640 faeere
415 1577 525 1658 discat,
548 1575 731 1639 laborabit.“
790 1571 914 1637 Deinde
938 1575 1032 1638 etiam
1057 1574 1096 1638 de
1120 1594 1166 1640 or.
1193 1575 1237 1654 ΙΙ,

172 1682 221 1765 19,
253 1684 382 1748 77-78
419 1687 457 1749 de
492 1686 664 1768 partitione
688 1685 839 1747 materiae
862 1685 898 1745 in
922 1703 1054 1748 oausam
1078 1689 1109 1748 et
1134 1704 1238 1766 quae-

169 1793 305 1855 stionem
340 1796 405 1875 egit
441 1813 575 1875 eamque
610 1791 836 1876 perridiculam
872 1810 942 1856 esse
966 1793 1062 1873 dixit3
1093 1794 1238 1876 legimus

131 1912 136 1920 ·
169 1901 255 1963 enim
290 1901 310 1965 l.
334 1920 376 1966 e:
412 1902 493 1984 „Sed
526 1909 633 1965 tamen
666 1907 714 1964 est
749 1919 860 1965 eorum
885 1901 1039 1984 doctrina,
1075 1908 1238 1985 quantum

170 2029 227 2094 ego
260 2010 404 2074 iudicare
427 2029 567 2093 possum,
601 1997 807 2093 perridicula.
866 2010 918 2076 78.
967 2012 1124 2075 Dividunt
1147 2016 1237 2076 enim

169 2123 267 2182 totam
302 2138 369 2183 rem
403 2121 438 2182 in
474 2120 554 2184 duas
584 2124 699 2203 partes,
732 2120 767 2181 in
792 2138 906 2183 causae
930 2122 1180 2184 controversiam
1206 2128 1239 2186 et

168 2230 202 2291 in
227 2231 433 2312 quaestionis.
473 2228 609 2294 Causam
634 2230 797 2314 appellant
816 2250 884 2295 rem
900 2232 1036 2314 positam
1052 2232 1087 2293 in
1112 2230 1238 2315 discep-

170 2340 291 2404 tatione
302 2359 431 2404 reorum
445 2345 475 2404 et
488 2341 711 2403 controversia
716 2359 724 2420 ;
749 2340 968 2421 quaestionem
981 2345 1087 2404 autem
1101 2358 1168 2403 rem
1180 2360 1237 2424 po-

134 2507 135 2510 ,
169 2449 262 2511 sitam
280 2450 315 2510 in
336 2448 461 2512 infinita
481 2448 692 2513 dubitatione.
727 2445 776 2511 De
788 2467 885 2512 oausa
896 2432 1169 2532 praeceptadant3
1197 2451 1237 2514 de

169 2557 269 2620 altera
281 2561 369 2640 parte
383 2557 511 2620 dieendi
521 2559 640 2620 mirum
652 2558 817 2620 silentium
829 2559 906 2622 est.“
930 2559 1010 2622 Tum
1023 2557 1062 2622 de
1075 2561 1186 2622 eadem
1199 2579 1236 2623 re

168 2666 346 2748 disputavit
369 2667 408 2730 de
432 2686 474 2731 or.
500 2665 542 2748 II,
568 2667 620 2748 31,
646 2668 709 2730 133
738 2667 836 2731 simili
858 2669 994 2731 ratione:
1032 2670 1159 2750 „Atque
1184 2670 1237 2733 hio

171 2775 252 2839 illud
289 2776 465 2841 videndum
499 2780 558 2858 est,
592 2777 625 2839 in
651 2795 715 2859 quo
740 2795 890 2841 summus
914 2782 961 2841 est
984 2797 1074 2841 error
1097 2781 1236 2842 istorum

169 2882 405 2968 magistrorum,
429 2887 469 2950 ad
493 2905 574 2969 quos
598 2885 714 2950 liberos
738 2889 864 2949 nostros
889 2888 1055 2965 mittimus,
1080 2907 1144 2950 non
1169 2909 1235 2970 quo

168 2994 228 3057 hoo
263 2995 395 3078 quidem
430 2996 469 3058 ad
504 2995 675 3059 dicendum
709 3014 826 3079 magno
856 3015 950 3079 opere
979 3000 1144 3080 pertineat,
1179 2999 1237 3062 sed

169 3108 276 3168 tamen
305 3109 342 3168 ut
365 3104 512 3186 rideatis,
540 3124 637 3187 quam
662 3106 703 3168 sit
725 3124 829 3188 genus
852 3106 912 3169 hoo
936 3124 1057 3189 eorum,
1092 3108 1149 3189 qui
1172 3107 1236 3170 sibi

169 3213 288 3277 eruditi
323 3215 489 3294 ridentur,
530 3214 628 3278 hebes
662 3218 759 3296 atque
794 3213 991 3296 impolitum,
1034 3218 1237 3279 constituunt

169 3323 258 3385 enim
291 3324 327 3385 in
358 3323 534 3407 partiendis
558 3324 741 3387 orationum
764 3323 868 3387 modis
892 3325 956 3388 duo
979 3344 1098 3408 genera
1115 3307 1236 3388 ⁸oausa-

168 3451 255 3494 rum:
292 3452 396 3496 unum
421 3433 592 3515 appellant,
625 3435 660 3496 in
685 3453 749 3517 quo
773 3434 843 3497 sine
865 3436 1011 3515 personis
1035 3440 1131 3517 atque
1154 3440 1235 3499 tem·

167 3541 301 3624 poribus
336 3541 375 3605 de
410 3544 561 3606 universo
595 3561 711 3626 genere
747 3542 932 3626 quaeratur3
969 3545 1113 3627 alterum,
1149 3547 1236 3627 quod

168 3653 314 3733 personis
349 3652 444 3716 certis
480 3656 511 3715 et
546 3652 743 3735 temporibus
778 3651 961 3735 definiatur;
995 3655 1100 3738 ignari
1124 3674 1235 3720 omnes

169 3764 406 3826 controversias
430 3761 470 3856 ad
494 3763 640 3825 universi
655 3763 782 3845 generis
799 3763 863 3824 vim
882 3767 912 3826 et
927 3768 1074 3828 naturam
1091 3764 1235 3828 referri.“

169 3868 318 3954 Denique
347 3891 413 3935 non
444 3871 571 3935 silentio
595 3872 767 3952 praeterire
791 3872 943 3937 volumus
967 3874 1147 3937 Antonium
1170 3875 1235 3937 iam

168 3979 259 4041 initio
291 3978 365 4042 libri
402 3977 460 4065 [II,
486 3981 536 4062 10,
560 3981 600 4042 41
626 3976 730 4066 sequ]
765 3981 853 4043 illius
888 3982 1122 4046 distributionis
1145 4002 1234 4046 men-
