2618 4560
507 267 683 358 ..47-

54 445 353 525 interrogationem,
367 462 450 526 quae
464 462 505 507 ex
523 444 699 506 intentione
712 448 742 506 et
761 442 952 525 depulsione
966 443 1125 525 gignitur,

57 553 320 635 „quaestionem“
361 552 548 636 appellavit3
582 572 657 615 nam
696 571 798 615 unum
839 552 945 615 locum
983 552 1022 615 de
1057 540 1121 617 inr.

55 660 101 744 II,
132 664 162 742 4,
190 661 239 740 ib,
276 665 332 744 qni
367 663 401 723 in
441 660 604 724 codicibus
643 661 734 724 valde
774 667 944 744 corruptus
978 660 1125 741 traditur,

57 775 214 852 excipere
237 770 399 834 debemus.
447 770 532 851 Ergo
554 769 738 832 Ciceronem
763 771 795 831 in
821 770 879 832 liae
903 771 1124 852 explicatione,

55 898 145 962 quae
169 879 208 941 ad
233 882 496 943 constitutionem
521 883 552 942 et
580 879 799 960 quaestionem
832 880 978 961 pertinet,
1007 881 1123 942 erroris

55 989 110 1052 vel
136 989 368 1052 inconstantiae
392 1007 566 1071 coarguere
589 1006 652 1048 non
676 1006 859 1069 possumus

168 1096 286 1161 Contra
309 1099 336 1160 si
359 1098 469 1160 oculos
493 1097 534 1158 ad
556 1097 643 1158 illam
668 1096 873 1160 collationem
896 1098 1125 1178 convertimus

54 1227 127 1290 qua
151 1225 249 1288 supra
272 1211 441 1290 praecepta
465 1207 503 1269 de
525 1206 574 1268 his
600 1205 736 1268 statibus
761 1205 921 1285 secundia,
945 1207 973 1269 si
1000 1207 1045 1269 ita
1069 1225 1124 1270 eos

55 1314 243 1399 significare
270 1315 363 1378 nobis
397 1316 480 1392 licet,
517 1316 782 1396 comparavimus,
819 1315 923 1397 primo
955 1317 1060 1378 statim
1091 1317 1123 1377 in

54 1431 235 1506 conspectu
266 1425 554 1488 animadvertimus
586 1421 772 1486 Ciceronem
802 1423 841 1485 de
869 1422 1059 1505 ina.I,13,
1085 1423 1125 1487 18

53 1534 300 1596 firmamentum
325 1534 388 1596 alio
412 1535 482 1595 loco
507 1533 632 1614 aliaque
656 1533 779 1594 ratione
800 1533 1004 1614 descripsisse
1029 1538 1125 1614 atque

52 1643 96 1705 de
122 1650 203 1725 part.
230 1661 273 1707 or.
300 1643 351 1723 29,
376 1642 450 1704 103.
497 1640 558 1704 Sed
583 1642 673 1703 locus
696 1643 795 1704 huius
820 1647 922 1704 status
945 1641 1064 1724 pendet
1084 1660 1125 1704 ex

53 1751 246 1814 definitione
270 1732 316 1812 ad.
343 1770 479 1833 eamque
508 1769 541 1813 se
572 1750 812 1813 accommodare
841 1750 943 1815 debet.
989 1749 1072 1813 Nam
1097 1753 1124 1813 si

54 1860 299 1923 firmamentum
323 1860 483 1922 defensori
508 1859 723 1940 attribuimus,
747 1865 904 1942 sequatur
927 1863 1050 1941 oportet
1077 1861 1126 1922 in·

51 1969 274 2032 firmationem
320 1970 464 2048 rationis,
510 1987 607 2050 quam
654 1974 824 2032 accusatur
869 1971 902 2031 in
950 1968 1127 2033 defensoris

53 2079 216 2140 rationem
240 2077 372 2159 profert3
407 2097 448 2140 ex
472 2079 596 2140 ratione
613 2081 717 2140 autem
737 2082 835 2160 atque
854 2097 896 2140 ex
911 2061 1128 2142 infirmatione

53 2188 192 2250 rationis
206 2187 343 2254 efficitur
357 2187 527 2265 iudicati03
545 2205 620 2267 ergo
636 2184 874 2248 firmamentum
896 2187 1127 2251 iudicationem

53 2296 183 2358 anteire
217 2315 281 2357 non
317 2300 427 2378 potest.
484 2293 540 2356 Sin
579 2294 818 2357 firmamentum
860 2298 1037 2358 accusatori
1073 2298 1128 2359 ad-

54 2403 233 2485 iudicatur,
256 2405 341 2467 idem
366 2424 435 2468 esse
453 2404 555 2485 debet,
580 2404 666 2486 quod
689 2402 862 2466 infirmatio
879 2406 1026 2484 rationis3
1052 2425 1127 2468 nam
1214 2388 1217 2394 ³

56 2514 140 2596 quid
156 2514 246 2576 iuvat
262 2513 314 2576 vel
330 2514 461 2597 expedit
479 2513 727 2594 firmamentum,
742 2517 912 2595 postquam
932 2514 1128 2580 iudicatione

55 2641 158 2685 causa
181 2624 245 2684 iam
270 2641 335 2684 non
358 2622 433 2702 lata,
450 2622 505 2684 sed
523 2628 661 2706 angusta
680 2604 857 2685 constituta
876 2625 944 2686 est?
969 2623 1129 2699 Quoniam

55 2737 167 2794 autem
192 2737 362 2796 accusatur
386 2732 561 2794 defensoris
583 2735 738 2794 rationem
763 2731 902 2794 refutare
926 2753 990 2796 non
1014 2740 1130 2817 potest,

57 2841 125 2904 nisi
148 2840 353 2923 gravioribus
378 2844 585 2924 argumentis,
610 2840 847 2903 firmamentum
872 2859 938 2903 nun
963 2844 1128 2924 defensori,

54 2951 115 3013 sed
145 2951 320 3013 accusatori
358 2949 574 3013 addicendum
604 2969 673 3014 esse
707 2955 873 3031 putamus.
907 2953 1037 3032 ‚Atque
1069 2953 1127 3016 buo

58 3061 192 3142 quidem
229 3057 349 3137 Cicero,
385 3066 422 3122 ut
457 3061 587 3140 scimus,
620 3060 655 3120 in
685 3059 928 3142 „partitionibus
962 3063 1127 3126 oratoriis‘t

54 3168 149 3246 tecit3
180 3169 214 3230 in
242 3169 345 3250 primo
381 3168 539 3231 librorum
574 3169 633 3250 „de
667 3170 873 3232 inventione“
908 3188 983 3232 vero
1013 3174 1126 3234 miram

56 3295 174 3339 earum
198 3295 305 3340 rerum
331 3278 554 3341 confusionem
584 3285 615 3342 et
637 3279 909 3360 perturbationem
937 3282 1125 3363 reperimus,

56 3386 132 3448 Illic
162 3387 258 3464 enim,
288 3393 458 3469 postquam
490 3389 529 3452 de
564 3391 687 3452 ratione
724 3390 816 3470 dixit,
850 3389 933 3452 nihil
967 3391 1006 3454 de
1040 3390 1127 3453 infir-

55 3494 202 3557 matione
225 3497 358 3560 rationis
376 3500 646 3580 commemoravit,
663 3499 718 3562 sed
736 3500 842 3562 statim
866 3499 906 3562 ad
921 3501 1127 3564 iudicationis

56 3602 309 3686 explicationem
337 3607 465 3668 transiit
500 3609 534 3668 in
564 3582 666 3690 eaque
701 3607 881 3671 definienda
915 3614 1039 3692 praeter
1071 3629 1127 3672 ex-

55 3714 289 3794 spectationem
319 3717 452 3779 rationis
481 3716 730 3781 infirmationem
769 3719 884 3799 attulit,
921 3719 1011 3800 quasi
1045 3720 1125 3780 iam·

55 3819 186 3884 dudum
212 3826 338 3906 cognita
363 3830 455 3888 esset.

65 3915 68 3921 ⁵
167 3929 398 3996 Desideramus
418 3935 517 4016 igitur
541 3936 580 3999 de
594 3937 660 4000 inr.
685 3934 839 4016 1‚13,28
859 3935 1125 4018 significationem

55 4043 336 4106 attrectationem
361 4062 471 4106 eorum
498 4045 679 4122 verborum,
711 4064 792 4127 quae
822 4054 988 4111 accusator
1017 4049 1124 4112 defen·
