2618 4560
622 243 800 306 -26-
885 270 888 275 ’

184 439 249 504 que
273 421 312 485 de
336 424 478 505 exordio,
514 422 554 484 de
577 423 773 503 narratione,
797 421 836 485 de
861 420 1069 483 conclusione
1093 417 1253 484 docuerit.

182 528 321 613 Thiolel)
343 533 482 616 denique
499 531 788 614 constitutionesin
805 530 903 593 altero
920 527 1157 591 dissertationis
1174 545 1254 591 suae

184 642 300 723 capite,
335 642 420 724 quod
455 642 620 723 inscripsit
657 639 927 719 „confirmationis
962 641 994 701 ct
1016 635 1253 700 confutationis

183 762 424 833 praeceptorum
448 742 619 826 avellar
643 750 795 831 absolvit3
833 750 868 810 in
891 748 982 811 tertio
1006 750 1113 809 autem
1138 745 1254 829 capite,

183 859 240 939 „dc
276 858 425 923 Cornifici
453 865 485 924 et
509 857 672 922 Ciceronis
703 859 820 921 artium
848 857 1080 920 rhetoricarum
1121 873 1254 937 compo·

184 968 317 1030 sitione“
348 971 563 1052 superscripto
588 967 825 1043 Quintilianum
849 966 1015 1050 probavit,
1050 966 1127 1047 quia
1152 983 1254 1047 expo-

184 1078 335 1140 sitionem
369 1083 523 1157 statuum,
557 1096 641 1159 quae
675 1075 714 1139 ab
747 1075 813 1138 illis
842 1095 901 1139 sex
925 1074 1078 1138 orationis
1102 1063 1253 1156 partibus

182 1186 359 1268 separanda
383 1189 474 1264 essct,
498 1184 560 1248 sub
584 1184 831 1268 „dispositione“
856 1183 954 1247 daret.

295 1293 362 1358 Nos
386 1298 493 1358 autem
517 1295 551 1355 in
579 1295 639 1358 hac
666 1315 701 1358 ro
724 1295 797 1358 illos
820 1295 907 1355 viros
931 1292 1040 1355 doctos
1063 1294 1160 1376 sequi
1186 1313 1253 1357 nou

185 1423 369 1486 possumne,
404 1402 459 1466 sed
489 1421 587 1483 quam
615 1405 756 1467 maxime
789 1404 900 1485 potius
918 1401 958 1465 ad
980 1399 1167 1464 Ciceronem
1193 1423 1254 1466 nos

186 1513 397 1596 applicamus.
444 1511 478 1574 ls
502 1512 597 1592 enim,
621 1512 894 1594 quemadmodum
918 1514 1029 1573 nostra
1050 1510 1112 1573 fcrt
1135 1512 1256 1594 opinio,

184 1624 303 1706 optimo
333 1624 403 1686 iure
431 1620 581 1685 omnibus
614 1622 703 1702 lociS,
738 1620 795 1684 ubi
829 1625 998 1704 praecepta
1026 1620 1065 1682 de
1088 1624 1156 1682 arte
1180 1621 1254 1684 rhe-

184 1733 283 1795 torica
308 1732 408 1812 dedit,
420 1735 490 1793 tum
515 1730 554 1792 de
577 1730 715 1794 statibus
739 1731 902 1808 disseruit,
926 1749 1001 1792 cum
1026 1729 1065 1790 de
1088 1731 1254 1792 materia

184 1842 394 1922 eloquentiae,
424 1858 490 1901 non
515 1839 553 1902 de
577 1836 712 1902 officio
737 1842 871 1903 oratoris
895 1845 1012 1922 ageret.
1058 1836 1109 1918 Et,
1138 1857 1254 1920 quam·

186 1969 284 2031 quam
308 1948 550 2012 concedendum
575 1953 624 2011 est
646 1951 808 2032 propriam
828 1949 973 2031 ipsamve
988 1946 1252 2010 constitutionem

184 2076 301 2121 causae
335 2054 368 2142 [i.
394 2077 420 2122 e.
446 2077 521 2121 cum
546 2062 652 2120 orator
675 2058 853 2137 constituit,
890 2075 972 2138 quae
996 2057 1038 2119 sit
1061 2073 1160 2117 causa
1185 2074 1254 2117 am-

187 2166 327 2250 bigendi]
360 2172 483 2251 partem
507 2165 603 2230 officii
627 2167 756 2230 oratorii
785 2185 865 2247 esse,
899 2171 1007 2228 tamen
1039 2164 1151 2245 negari
1187 2183 1254 2227 non

185 2283 289 2360 potest
311 2277 385 2342 illas
409 2297 522 2341 causas
545 2278 609 2350 iam
633 2279 667 2340 in
688 2276 864 2359 generibus
881 2273 1074 2357 quibusdam
1100 2274 1254 2336 materiae

185 2389 305 2469 positas
329 2406 398 2450 esse
421 2387 541 2469 illaque
573 2405 693 2468 genera
726 2385 798 2449 aliis
832 2385 939 2448 causis
970 2384 1005 2444 in
1035 2382 1113 2445 alias
1136 2387 1254 2465 partes,

187 2514 269 2576 (puae
293 2500 394 2559 status
418 2514 476 2558 seu
500 2496 744 2557 constitutiones
768 2496 986 2569 nominantur,
1010 2490 1171 2556 distribui,
1219 2491 1254 2556 Si

187 2623 263 2667 vcro
297 2609 472 2688 propterea,
511 2603 597 2685 quod
638 2608 744 2666 orator
779 2605 870 2686 prius
909 2621 1039 2664 causam
1078 2603 1254 2682 coustituit,

188 2733 286 2796 quam
310 2713 351 2776 ad
374 2712 628 2795 „inventionem‘
653 2717 839 2794 ceterasque
868 2711 964 2774 officii
993 2712 1121 2774 oratorii
1145 2717 1254 2793 partes

187 2825 318 2904 accedit,
352 2824 410 2887 has
434 2827 540 2905 partes
563 2841 622 2886 seu
645 2826 746 2885 status
770 2841 828 2886 seu
852 2822 1095 2885 constitutiones
1123 2819 1186 2883 sub
1217 2841 1254 2886 ea

187 2936 286 3014 parte,
320 2933 352 2994 in
385 2952 448 3013 qua
472 2931 510 2994 de
533 2933 661 3015 proprio
686 2933 819 2995 oratoris
842 2931 947 3014 officio
971 2935 1001 2993 et
1025 2928 1134 2991 labore
1157 2930 1254 2994 nobis

189 3041 419 3123 disputandum
445 3045 504 3121 est,
529 3045 664 3103 tractare
688 3042 857 3106 vellemus:
890 3040 1002 3103 eodem
1027 3057 1158 3121 quoque
1181 3040 1255 3104 loco

188 3140 228 3214 de
260 3149 366 3214 tribus
397 3148 463 3212 illis
494 3149 676 3231 generibus
706 3159 744 3213 ut
775 3150 923 3232 exemplo
952 3153 1090 3230 utamur,
1125 3166 1184 3212 seu
1215 3150 1254 3214 de

192 3258 439 3343 quaestionibus
462 3257 598 3322 infinitis
621 3263 652 3321 et
672 3258 812 3322 definitis
836 3259 929 3322 nobis
953 3258 1126 3322 dicendum
1151 3266 1253 3339 esset;

189 3387 264 3430 nam
298 3370 382 3431 sicut
415 3369 449 3429 in
482 3368 765 3433 constitutionibus
798 3373 905 3432 orator
928 3369 1053 3451 quaerit
1077 3372 1108 3430 et
1130 3371 1255 3450 statuit,

191 3496 276 3560 quae
314 3479 355 3540 sit
393 3495 490 3539 causa
528 3479 776 3560 controversiae,
813 3479 858 3540 ita
897 3486 1030 3561 quaerat
1068 3480 1256 3559 statuatque

190 3593 324 3672 oportet,
346 3583 402 3649 cui
424 3586 523 3648 trium
546 3587 676 3650 illorum
699 3605 856 3670 generum
874 3586 925 3650 vel
944 3586 1074 3648 omnino
1091 3589 1255 3669 quaestio-

190 3697 331 3762 nibusne
352 3694 488 3760 infinitis
512 3715 552 3757 an
576 3694 676 3760 finitis
699 3716 759 3776 res,
794 3696 832 3759 de
867 3716 931 3778 qua
959 3696 988 3760 ei
1011 3696 1174 3777 agendum
1198 3701 1255 3777 est,

300 3954 325 4017 ll
344 3950 535 4020 „Quaestiones
561 3950 593 4004 do
613 3950 737 4005 Cornifici
756 3952 785 4004 et
804 3949 942 4005 Ciceronis
971 3953 1022 4005 art.
1049 3949 1135 4006 rhel.“
1182 3951 1256 4006 Diss.

190 4039 290 4110 crypt.
310 4044 388 4098 1889.
