2618 4560
570 274 768 341 -1'05-

129 452 231 534 2687
258 455 365 515 autem
392 451 503 515 Cicero
528 454 610 517 sales
628 455 662 516 in
686 453 816 517 facetias
840 458 871 516 et
894 452 1094 517 dicacitatem
1118 453 1197 516 divi·
1233 501 1237 507 .

125 563 182 644 sit,
210 581 347 644 quarum
373 561 448 624 illae
471 562 581 625 eadem
605 561 787 645 significant
811 581 848 624 ac
872 561 1042 626 cavillatio.
1095 561 1198 626 Locos

121 671 262 734 ridiculi
286 670 401 734 Caesar
434 671 670 753 turpitudinem
695 677 726 737 et
749 671 983 735 deformitatem
1008 691 1077 736 esse
1100 673 1197 754 dixit;

119 798 172 843 ex
198 781 240 843 iis
264 786 371 844 orator
394 780 561 843 occasione
586 781 660 844 data
685 785 790 845 sumat
813 781 910 859 iocos,
934 781 989 844 sed
1014 786 1134 865 caveat,
1158 801 1198 846 ne

119 909 229 972 quem
265 890 389 972 illudat,
424 891 481 971 qui
516 893 571 952 aut
605 889 826 952 misericordia
861 890 980 972 dignus
1008 895 1055 954 est
1078 895 1136 954 aut
1158 891 1197 955 ab

124 999 290 1062 omnibus
314 998 466 1081 diligitur,
500 1016 582 1061 neve
605 999 696 1062 iocus
720 1003 796 1076 „aut
818 996 990 1083 scurrilis1)
1015 1005 1071 1063 aut
1094 1001 1198 1063 mimi·

117 1105 221 1192 cus2)
247 1107 302 1170 fiat
325 1112 383 1171 aut
405 1107 571 1190 improbus
595 1111 650 1170 aut
672 1105 908 1193 inhumanus.³)

240 1218 422 1280 Versantur
461 1220 570 1280 autem
612 1216 754 1299 facetiae,
805 1237 887 1300 quae
922 1218 1129 1303 proferuntur
1164 1223 1198 1282 in

116 1328 275 1390 oratione
289 1327 389 1389 autin
402 1343 437 1388 re
450 1321 503 1410 [z
517 1325 699 1408 cavillatio],
709 1331 764 1390 aut
776 1328 808 1389 in
823 1327 905 1391 dicto
924 1325 978 1413 [z
989 1325 1152 1414 dicacitas]
1161 1325 1197 1412 34)

117 1434 224 1498 illius
260 1435 325 1499 duo
351 1437 429 1498 sunt
450 1452 578 1516 genera,
613 1454 753 1517 quorum
776 1437 811 1497 in
835 1436 935 1499 altero
960 1436 1104 1518 „aliquid
1126 1441 1197 1498 tau-

119 1565 233 1627 quam
257 1544 372 1608 iabella
396 1544 572 1626 narratur“,
596 1544 732 1607 alterum
757 1563 816 1626 „ex
833 1544 1006 1627 depravata
1021 1546 1198 1609 imitatione

117 1655 222 1717 sumi
246 1655 357 1735 solet“;
397 1655 431 1716 in
455 1654 516 1716 hcc
538 1673 615 1717 vero
640 1654 814 1717 ridiculum
838 1653 937 1718 verbo
962 1659 1017 1718 aut
1040 1657 1199 1718 sententia
1298 1685 1301 1692 ·

121 1763 284 1845 efficitur,
318 1763 377 1827 ubi
412 1765 530 1827 oratori
562 1763 738 1826 ridendum
763 1767 819 1845 est,
854 1782 1016 1845 nequem
1040 1783 1106 1827 non
1129 1765 1199 1828 vult

120 1873 260 1954 illudat,
296 1875 372 1954 quia
406 1875 497 1936 iocus
533 1892 570 1937 aa
605 1891 640 1936 re
664 1873 810 1936 scurrilis
832 1872 869 1935 fit
892 1892 973 1937 neve
995 1873 1076 1937 illud
1099 1874 1199 1938 tacete

118 1982 253 2046 dictum
283 1983 458 2065 cogitatum
482 1986 538 2045 aut
566 1984 755 2046 arcessitum
790 2001 860 2047 esse
893 1983 1055 2063 videatur,
1102 1985 1197 2047 etiam

119 2092 287 2173 temporis
321 2096 426 2154 orator
460 2093 494 2153 in
527 2093 587 2155 hoc
621 2110 740 2174 genere
763 2092 892 2155 iocandi
917 2092 1196 2175 diligentissimam

120 2201 287 2264 rationem
312 2200 434 2275 habere
454 2198 586 2288 debet.⁵)
631 2201 694 2266 Sed
718 2202 818 2265 multo
843 2202 964 2264 maiore
988 2202 1196 2265 delectatione

122 2309 294 2373 auditores
318 2309 513 2393 afficiuntur,
536 2312 564 2374 si
588 2312 652 2374 duo
676 2312 731 2375 illa
753 2310 965 2374 ridiculorum
979 2329 1098 2393 genera
1114 2312 1199 2374 inter

126 2439 165 2484 se
189 2420 442 2503 coniunguntur.

239 2528 394 2611 Facetiae,
418 2531 558 2610 quaein
583 2530 666 2594 dicto
690 2531 810 2613 positae
833 2537 919 2614 suut,
941 2532 1084 2595 maxime
1108 2530 1198 2594 audi-

128 2642 237 2701 torum
252 2657 368 2702 sensus
380 2644 520 2719 movent,
536 2641 564 2703 si
573 2639 679 2704 verbis
691 2638 850 2723 ambiguis
863 2619 968 2704 orator
979 2643 1013 2703 in
1026 2642 1067 2704 iis
1079 2643 1196 2724 utitur}

131 2747 269 2817 sednon
288 2752 351 2811 tam
368 2749 468 2811 risum
487 2750 630 2832 eliciunt,
654 2769 750 2831 quam
769 2750 1020 2815 admirationem.
1051 2749 1196 2825 Quarum

133 2871 251 2938 genera
289 2858 474 2921 invenimus
514 2860 659 2942 exposita
694 2859 733 2921 de
763 2878 809 2922 or.
836 2859 1194 2942 Π,63,255-65,263;

132 2970 236 3047 potest
272 2967 357 3029 enim
387 2972 491 3030 orator
523 2967 611 3032 aliud
641 2970 754 3051 dicere,
787 2988 859 3032 cum
890 2968 977 3032 aliud
1009 2973 1196 3052 expectetur

134 3080 188 3138 aut
217 3094 259 3140 ex
293 3075 383 3138 verbi
420 3079 642 3161 immutatione
676 3081 783 3142 iocum
819 3072 946 3142 sumere
974 3083 1037 3158 ⁴aut
1064 3098 1194 3143 versum

137 3202 287 3249 versusve
311 3192 434 3268 partem
465 3189 683 3272 interponere,
713 3186 829 3252 deinde
856 3190 958 3252 risum
994 3187 1142 3268 movebit,
1167 3185 1196 3252 si

136 3310 218 3369 „rem
243 3312 307 3354 non
332 3296 372 3357 ad
398 3296 543 3379 verbum,
567 3297 623 3361 sed
647 3297 687 3360 ad
700 3301 891 3362 sententiam
904 3301 1047 3382 accipere
1059 3298 1196 3381 videtur,

136 3405 188 3463 aut
211 3422 253 3466 ex
276 3404 446 3479 immutata
459 3408 604 3470 oratione
617 3411 673 3470 aut
686 3425 726 3470 en
751 3409 849 3472 unius
873 3409 962 3473 verbi
987 3409 1195 3474 translatione

133 3617 344 3626 ᾖ...

239 3713 264 3779 1)
285 3713 317 3766 do
337 3727 373 3767 or.
392 3711 428 3776 ΙΙ,
448 3715 490 3776 59,
511 3713 575 3776 239;
605 3714 648 3781 60,
666 3715 731 3776 244;
759 3728 797 3770 or.
816 3719 857 3784 26,
877 3717 921 3771 88.

239 3802 265 3872 2)
285 3804 317 3856 do
336 3820 374 3861 or
393 3803 431 3872 ΙΙ,
450 3807 493 3872 59,
513 3807 577 3871 239,
605 3806 649 3872 59,
668 3807 731 3867 242;
759 3820 797 3859 or.
816 3808 859 3870 26,
879 3808 921 3862 88.

284 3910 323 3952 or
342 3901 384 3961 26,
404 3899 447 3953 88

237 3896 385 4054 3cingite
404 3987 624 4055 0r1542183
644 3986 756 4058 59239,
774 3988 885 4057 61,248;
905 3991 1010 4053 62252.

239 4077 332 4144 5,)060
353 4095 389 4133 or.
410 4083 451 4146 26
454 4083 496 4136 89
