2618 4560
568 278 746 340 -99-
827 248 830 252 ’

120 453 162 533 id,
187 452 273 534 quod
298 454 398 536 accipi
421 453 583 535 volumus,
615 449 731 518 iisdem
754 454 869 537 verbis,
905 456 1025 540 quibus
1048 458 1184 539 scriptor

120 581 202 625 usus
228 566 321 638 esset,
346 564 527 645 exprimere
549 563 652 627 solere
674 563 827 647 idemque
851 583 892 628 ex
916 567 965 648 iis,
990 585 1073 648 quae
1096 571 1185 630 ante·

120 671 271 734 cederent
306 691 453 754 quaeque
486 676 700 754 sequerentur
734 679 791 737 aut
821 692 864 737 ex
887 674 959 738 aliis
984 676 1110 758 scriptis
1134 676 1186 740 vel

121 782 214 844 dictis
250 782 389 843 auctoris
423 785 549 864 patero3
585 780 700 845 deinde
736 783 1020 848 demonstrandum
1057 790 1104 848 ost
1139 804 1185 867 ea,

121 908 205 974 quae
236 889 437 952 adversarius
469 894 600 967 sentact,
635 888 757 972 „multo
792 893 900 956 minus
928 894 1094 958 commode
1115 893 1185 958 fieri

118 999 232 1082 posse“
256 1018 315 1061 nec
338 1017 447 1080 parem
471 1000 652 1080 utilitatem,
681 1001 891 1083 honestatem,
913 1004 1184 1067 necessitudinem

118 1109 245 1190 habero,
280 1127 377 1190 quam
416 1127 498 1189 quae
532 1127 592 1172 nos
625 1109 859 1193 intellegimus,
893 1115 949 1175 aut
983 1130 1020 1174 ea
1054 1113 1118 1175 iam
1150 1114 1184 1177 in

120 1219 180 1280 alia
215 1218 286 1300 lege
317 1217 434 1298 scripta
469 1236 552 1299 esse;
588 1219 684 1281 etiarn
719 1238 803 1301 quae
835 1224 946 1283 auctor
976 1226 1085 1285 nostra
1113 1242 1184 1286 sen·

119 1329 220 1391 tentia
251 1328 440 1409 scripsisset,
475 1328 502 1391 si
538 1346 575 1391 ea
610 1327 790 1409 significare
821 1330 987 1412 voluisset,
1023 1351 1105 1413 quae
1129 1333 1184 1395 ad·

121 1437 286 1499 rersarius
323 1435 450 1517 diceret,
483 1437 627 1519 proferre
660 1455 833 1518 possumus
860 1458 920 1501 nec
943 1443 1080 1522 tempus,
1120 1461 1184 1523 quo

118 1546 200 1610 illud
225 1548 380 1628 scriptum
407 1550 463 1626 est,
496 1547 656 1610 mediocre
689 1549 803 1629 putare
833 1547 1007 1627 ,debemus3
1044 1550 1185 1632 denique

120 1657 247 1719 occasio
271 1655 501 1736 amplificandi,
526 1657 554 1719 si
569 1655 707 1737 dabitur,
732 1675 797 1718 non
820 1659 1104 1739 praetermittenda
1127 1666 1183 1725 est.

229 1765 354 1828 Deinde
387 1767 605 1828 controversia
637 1764 674 1828 lit
705 1784 746 1828 ox
781 1766 897 1848 scripto
931 1770 963 1829 ct
985 1765 1183 1852 sententia.¹)

118 1876 157 1938 ln
182 1895 220 1939 ea
245 1876 301 1957 qui
324 1876 479 1957 scriptum
503 1872 654 1939 defendet
678 1876 864 1959 scriptorem
888 1877 932 1939 ita
954 1876 1049 1940 laudo
1073 1896 1186 1940 cumu-

118 1986 208 2066 labit,
231 1988 269 2047 ut
291 1984 372 2046 nihil
395 1986 458 2047 nisi
482 1986 567 2067 quod
591 1984 630 2048 ab
654 2003 691 2048 eo
715 1986 869 2068 scriptum
894 1990 986 2067 esset,
1008 1985 1078 2051 fieri
1095 2007 1187 2070 opor-

115 2100 214 2178 teret,
249 2095 364 2167 deinde
387 2094 506 2157 lactum
532 2112 645 2176 eaque,
668 2113 751 2176 quae
775 2096 950 2158 adversarii
967 2097 1088 2177 volunt,
1112 2117 1185 2160 cum

117 2205 236 2286 scripto
271 2222 462 2286 comparare
487 2203 589 2267 debet.
654 2202 778 2267 Contra
810 2205 991 2287 proferetur
1021 2211 1185 2269 auctorem

117 2316 180 2377 alia
216 2315 383 2395 scripsisse
418 2314 482 2376 alia
517 2315 666 2394 sensisse,
696 2318 750 2376 aut
773 2334 892 2396 ,causa
916 2313 1113 2394 assumptiva
1136 2313 1186 2374 in-

117 2424 246 2503 feretur,
283 2423 490 2504 quamobrem
527 2425 644 2506 scripto
676 2425 903 2507 nonpotuerit
927 2428 1070 2486 autnon
1094 2441 1185 2505 opor·

117 2536 216 2598 tuerit
240 2532 484 2613 obtenrperari.“
533 2532 567 2596 Si
591 2553 693 2597 unum
718 2534 896 2597 alterumve
920 2553 961 2596 ox
984 2533 1034 2596 his
1058 2531 1185 2596 duobus

118 2643 245 2720 dicitur,
281 2642 434 2723 scriptum
458 2645 628 2724 permultis
651 2645 729 2708 locis
753 2643 880 2708 defendi
903 2648 1021 2726 potest:
1058 2645 1106 2707 sic
1128 2662 1185 2704 au-

118 2752 276 2816 ditoribus
308 2752 502 2832 persuadere
537 2754 728 2817 conabimur
760 2755 949 2834 scriptorem
984 2752 1185 2815 voluntatem

121 2882 212 2924 suam
235 2860 342 2923 verbis
366 2860 460 2923 facile
484 2862 709 2943 intellegendis
732 2862 930 2944 expressisse
945 2877 1005 2922 neo
1022 2876 1092 2920 eam
1109 2856 1184 2920 sub·

118 2970 230 3033 tilibus
255 2976 286 3032 et
310 2971 432 3051 argutis
451 2971 792 3052 'argumentationibus
815 2969 1003 3051 investigari
1027 2967 1184 3046 voluisse;

118 3080 259 3143 multum
294 3084 402 3142 autem
427 3078 588 3142 Ciceronis
623 3082 781 3144 sententia
811 3078 965 3163 proficiet,
1000 3080 1027 3141 si
1059 3098 1101 3142 ox
1134 3078 1185 3140 his

121 3190 244 3271 aliquid
280 3191 464 3252 accuratius
489 3193 683 3273 exponetur:
721 3205 776 3253 aut
801 3190 911 3272 „nulla
933 3190 968 3251 in
991 3189 1062 3271 lege
1084 3187 1183 3250 ullam

116 3317 248 3362 causam
284 3304 394 3362 contra
429 3301 584 3382 scripturn
617 3300 719 3382 accipi
753 3300 953 3379 convenire,“
990 3302 1046 3361 aut
1082 3297 1183 3378 „siin

118 3410 232 3471 ceteris
256 3409 382 3491 legibus
405 3410 583 3489 conveniat,
618 3411 653 3471 in
677 3409 737 3472 hac
760 3429 826 3473 non
850 3409 1022 3493 oportere,“
1057 3412 1114 3471 aut
1137 3408 1185 3488 „si

117 3519 150 3579 in
175 3519 235 3580 hac
260 3539 389 3601 quoque
411 3520 482 3601 lege
506 3524 658 3600 oporteat,
680 3520 764 3583 hanc
788 3519 917 3600 quidem
935 3536 1065 3582 causam
1082 3516 1184 3597 accipi

119 3629 252 3691 minime
287 3632 463 3712 oportere;“
489 3649 570 3712 quae
604 3632 665 3693 tria
689 3631 767 3694 satis
791 3627 930 3692 dilucide
954 3627 1114 3711 explicata
1137 3625 1185 3686 vi-

120 3736 235 3801 demus
260 3740 298 3802 de
322 3741 387 3804 inv.
412 3740 454 3822 II,
478 3743 531 3822 44,
557 3741 716 3822 129-46,
744 3739 815 3804 137.
865 3735 929 3812 Qui
952 3756 1028 3800 vero
1052 3739 1180 3801 senten·

120 3846 198 3908 tiam
222 3850 301 3931 legis
318 3852 473 3933 sequitur,
498 3853 690 3931 aequitatem
703 3868 819 3914 causae
833 3847 1063 3911 demonstrabit
1079 3863 1184 3928 neque

230 4084 257 4153 1)
277 4085 309 4139 de
329 4085 382 4139 inv.
401 4085 438 4152 ΙΙ,
458 4091 501 4152 42,
522 4091 652 4154 121·-48,
665 4091 731 4151 1431
751 4086 1183 4155 lapan.0r.ss,1ss-39‚137.

969 4184 1003 4243 7*

1219 3984 1245 4091 ’1
