2618 4560
511 238 687 299 „41-

64 418 118 498 22,
142 413 184 478 86
215 419 322 497 partes
365 416 591 497 quaestionum
626 413 830 478 infinitarum
864 414 965 480 finitis
1002 434 1131 500 quoque

61 522 308 608 quaestionibus
332 523 484 603 subiecit,
509 527 606 606 atque
625 524 703 587 huic
726 522 854 606 quidem
881 525 927 588 rei
959 525 1132 608 respondet
1168 585 1175 593 .

60 634 144 698 illud
168 631 334 696 Ciceronis
357 637 571 716 pracceptum,
595 633 635 696 de
659 653 723 716 quo
740 652 838 715 supra
861 633 997 716 egimus,
1018 653 1131 698 omnes

62 762 182 807 causas
205 747 309 805 certas
332 743 370 805 ad
394 761 499 825 genus
523 743 714 806 universum
738 742 953 806 traducendas
977 762 1056 807 esse.

170 853 218 916 De
246 870 417 914 causarum
452 870 531 916 vero
562 870 603 914 ex
632 852 819 915 intentionis
851 852 1047 934 impulsione
1075 872 1131 915 na·

59 961 220 1025 suentium
259 961 430 1044 partitione
459 959 568 1023 Cicero
597 980 758 1044 nusquam
795 960 954 1043 disseruit,
992 963 1061 1026 nisi
1094 963 1129 1027 in

58 1071 165 1154 prima
189 1069 345 1132 librorum
370 1069 427 1150 „de
450 1070 663 1133 inventione‘.
711 1067 867 1152 Persaepe
892 1072 976 1134 enim
1002 1070 1129 1148 accidit,

58 1185 98 1243 ut
123 1181 241 1243 oratori
263 1181 297 1241 iu
321 1179 431 1243 eadem
461 1180 605 1242 oratione
636 1198 699 1242 non
730 1179 835 1242 solum
861 1178 900 1243 de
930 1199 995 1242 una
1019 1198 1127 1260 causa,

61 1289 122 1354 sed
146 1289 186 1352 de
208 1287 355 1371 pluribus
384 1288 543 1370 agendum
572 1290 621 1351 sit.
668 1287 774 1364 Quare
805 1292 914 1352 noster
948 1307 1065 1352 causas
1093 1289 1127 1351 in

24 1477 26 1481 y
62 1400 130 1462 duo
175 1417 294 1480 genera
340 1396 515 1460 distribuit:
562 1399 596 1460 in
642 1399 803 1481 simplices
846 1403 877 1460 et
914 1399 948 1460 in
987 1398 1124 1461 iunctas.

58 1508 318 1590 „Constitutione
341 1509 484 1585 causae,“
507 1508 614 1588 inquit
637 1507 677 1569 de
701 1508 766 1572 inv.
790 1507 815 1589 I,
834 1508 884 1589 12,
910 1507 959 1586 17,
984 1510 1128 1589 „reperta

58 1619 169 1682 statim
197 1617 301 1698 placet
329 1615 540 1696 considerare,
569 1622 679 1679 utrum
710 1635 807 1679 causa
839 1617 881 1678 sit
915 1615 1054 1698 simplex
1084 1635 1125 1678 an

55 1730 185 1806 iuncta,
211 1725 290 1788 etsi
314 1725 424 1788 iuncta
448 1725 516 1807 erit,
540 1733 648 1788 utrum
672 1727 714 1788 sit
736 1745 777 1788 ex
800 1724 949 1808 pluribus
967 1726 1128 1806 quaestio·

57 1836 160 1900 nibus
189 1837 299 1897 iuncta
327 1853 368 1896 an
397 1853 434 1897 ex
465 1835 573 1918 aliqua
601 1836 847 1919 comparatione.
895 1833 1039 1916 Simplex
1066 1839 1125 1914 est,

58 1965 145 2030 quae
169 1944 349 2009 absolutam
376 1944 409 2004 in
439 1961 472 2006 se
501 1944 646 2007 continet
677 1963 775 2007 unam
807 1944 1090 2026 quaestionem..
1117 1991 1125 2006 .

57 2055 243 2118 Coniuncta
268 2072 310 2116 ex
332 2051 480 2136 pluribus
497 2053 748 2135 quaestionibus
771 2055 805 2115 in
832 2073 897 2136 qua
919 2053 1013 2135 plura
1030 2071 1126 2135 quae·

54 2169 179 2229 runtur
203 2213 210 2228 .
236 2213 242 2225 .
267 2211 274 2226 .
298 2161 350 2223 Ex
374 2164 619 2243 comparatione,
642 2163 675 2223 in
700 2183 764 2243 qua
787 2172 857 2246 per*
875 2163 1124 2242 contentionem,

55 2278 170 2337 utrum
195 2273 303 2355 potius
328 2268 395 2356 [aut
419 2270 496 2353 quid
520 2271 722 2352 potissimum
749 2271 812 2356 sit],
841 2271 1035 2354 quaeritur.
1063 2320 1070 2335 .
1097 2273 1126 2334 .“

54 2383 141 2446 Cum
162 2383 222 2444 hoc
246 2381 315 2443 loco
332 2399 446 2442 causas
463 2381 638 2460 quantitate
655 2379 820 2460 divideret,
836 2380 874 2442 de
890 2381 956 2446 inv,
974 2378 999 2462 1,
1016 2379 1067 2461 15,
1084 2380 1125 2443 20

53 2495 101 2557 ad
119 2491 306 2574 qualitatem
320 2490 398 2574 sive,
416 2495 453 2552 ut
467 2491 512 2551 ita
529 2489 682 2570 dicamus,
698 2489 739 2552 ad
756 2490 934 2553 decentiam
952 2509 1124 2553 causarum

53 2601 204 2684 respexit
230 2618 332 2681 eaque
368 2599 491 2661 ratione
520 2599 668 2681 quinque
696 2619 815 2684 genera
843 2619 954 2663 earum
983 2602 1124 2664 invenit:

51 2715 242 2792 honesturn,
271 2707 467 2786 admirabile,
496 2708 629 2790 humile,
666 2728 792 2792 anceps,
825 2709 1009 2790 obscurum,
1043 2729 1125 2792 quae

50 2821 76 2888 1.
104 2840 133 2887 c.
158 2821 207 2882 his
231 2816 471 2882 definitionibus
495 2818 759 2901 circumscripsit:
783 2817 983 2899 „Honestum
1008 2836 1126 2880 causae

52 2947 165 3012 genus
188 2932 245 3008 est,
268 2927 320 2989 cui
344 2930 451 2989 statim
476 2927 547 2990 sine
571 2928 714 2990 oratione
737 2931 846 2990 nostra
864 2925 952 2988 favet
968 2926 1127 2988 auditoris

55 3037 204 3115 animus3
229 3035 427 3114 admirabile,
453 3055 471 3097 a
495 3055 558 3117 quc
583 3042 632 3098 est
654 3036 813 3099 alienatus
844 3037 973 3099 animus
1002 3054 1125 3119 eorum,

53 3147 118 3229 qui
141 3145 284 3209 audituri
308 3149 399 3225 sunt,
423 3143 559 3226 humile,
581 3146 667 3229 quod
698 3145 881 3230 neglegitur
912 3150 950 3213 ab
982 3151 1126 3213 auditore

53 3261 90 3319 et
115 3274 181 3317 non
207 3275 399 3338 magnopere
422 3255 654 3319 attendendum
679 3257 821 3342 ridetur3
846 3279 974 3342 anceps,
997 3261 1030 3321 in
1060 3278 1126 3342 quo

55 3368 118 3426 aut
140 3363 291 3428 iudicatio
317 3362 416 3428 dubia
439 3370 487 3429 est
510 3369 565 3428 aut
589 3385 686 3429 causa
710 3372 740 3429 et
764 3368 939 3443 honestatis
964 3374 994 3432 et
1026 3371 1128 3452 turpi-

53 3472 183 3536 tudinis
195 3475 365 3558 particeps,
378 3481 415 3539 ut
427 3480 458 3538 et
470 3474 729 3538 benevolentiam
740 3475 843 3557 pariat
854 3482 886 3540 et
898 3478 1124 3558 ostensionem

53 3583 244 3665 obscurum,
272 3585 306 3646 in
335 3604 399 3667 quo
429 3589 485 3647 aut
514 3585 597 3647 tardi
627 3585 790 3649 auditores
819 3592 895 3650 sunt
925 3592 980 3650 aut
1015 3587 1127 3649 diffici-

52 3691 194 3755 lioribus
219 3694 257 3756 ad
282 3694 539 3776 cognoscendum
572 3695 708 3777 negotiis
738 3702 907 3759 causaest
934 3695 1125 3779 implicata.“

147 3803 256 3885 Atque
285 3823 326 3867 ex
361 3805 569 3887 argumentis
598 3804 718 3886 quibus
754 3805 835 3867 alter
869 3805 1126 3870 adversariorum

58 3912 93 3974 in
119 3931 217 3976 cansa
248 3913 473 3976 constituenda
506 3932 543 3976 ea
576 3913 754 3996 confirmat,
785 3932 869 3996 quae
904 3914 1035 3978 alterius
1067 3935 1126 3980 seu

59 4023 255 4085 accusationi
279 4041 336 4086 seu
354 4022 530 4085 defensioni
551 4023 655 4103 obicit,
682 4020 791 4086 Cicero
812 4024 890 4087 alios
915 4026 1007 4106 qnasi
1025 4030 1127 4089 status
