2618 4560
584 234 757 296 „gr-

139 410 321 475 definitione
357 410 508 474 universa
546 411 595 473 vis
634 408 826 492 explicanda
861 416 919 476 est.
965 460 995 477 ..
1033 410 1106 477 165.
1142 411 1200 474 Sin

136 540 207 603 pars
229 519 400 603 partitione
518 517 551 582 Si
575 538 617 583 ex
640 518 808 598 vocabulo,
833 525 869 582 ut
893 519 1009 583 Carbo:
1035 523 1063 585 si
1086 522 1201 584 consul

138 636 191 710 ost,
230 629 289 710 661
325 627 464 691 66636116
503 629 633 711 patriae,
671 627 749 710 quid
789 628 876 691 aliud
915 628 990 692 fecit
1028 628 1200 713 Opimius?

141 739 209 804 166.
257 736 314 800 Sin
343 736 382 799 ab
411 756 457 817 eo,
493 738 580 820 quod
608 755 677 800 rem
701 737 838 820 attingit,
871 741 982 821 plures
1006 745 1083 802 sunt
1106 759 1202 823 argu-

138 852 316 911 mentorum
344 846 436 910 sedes
460 865 497 909 66
518 843 592 912 loci.
648 845 731 909 Nam
755 851 786 909 et
809 848 982 910 coniuncta
1005 867 1202 931 quaeremus

123 966 165 1027 ,66
185 976 307 1040 genera
334 964 365 1016 et
395 960 504 1038 partes
530 955 704 1038 generibus
733 954 894 1020 subiectas
918 961 950 1019 et
973 958 1202 1022 similitudines

140 1072 166 1130 et
188 1064 467 1131 dissimilitudines
496 1071 527 1126 et
550 1065 710 1127 contraria
745 1069 777 1128 et
805 1068 1035 1148 consequentia
1062 1073 1092 1131 et
1127 1087 1203 1131 con·

139 1181 288 1239 sentanea
312 1179 344 1238 et
367 1175 459 1256 quasi
479 1176 719 1256 praecurrentia
743 1180 774 1238 et
796 1177 1010 1259 repugnantia
1033 1182 1065 1240 et
1087 1196 1203 1243 causas

136 1303 243 1349 rorum
269 1283 502 1366 vestigabimus
527 1289 625 1366 6666,
661 1303 744 1367 6666
774 1303 816 1348 ex
847 1287 953 1349 causis
977 1291 1046 1349 orta
1069 1287 1142 1367 sint,
1170 1291 1203 1350 et

133 1396 265 1474 maiora,
289 1394 388 1475 paria,
411 1394 538 1456 minora
563 1393 812 1479 quaeremus.“¹)

242 1500 389 1565 Eandem
412 1503 615 1584 partitionem
639 1503 918 1586 1666666666116
942 1505 1094 1588 repositi
1118 1511 1202 1587 sunt,

125 1609 248 1677 iisdem
273 1630 368 1694 saepe
384 1611 492 1676 verbis
508 1631 694 1693 expressam
710 1612 889 1694 reperimus
908 1617 970 1696 top.
984 1616 1013 1695 2,
1030 1604 1125 1695 8-4,
1142 1613 1200 1694 233

122 1721 160 1803 4,
173 1723 319 1799 25-18,
334 1720 389 1799 713
427 1723 483 1803 qui
508 1740 583 1784 vero
607 1722 810 1785 extrinsecus
835 1728 1015 1787 sumuntur
1042 1724 1113 1805 loci,
1148 1742 1202 1787 eos

120 1835 197 1915 top.
224 1833 255 1912 4,
284 1831 326 1893 24
350 1837 381 1893 66
406 1832 457 1912 19,
484 1831 613 1892 12-18
648 1850 690 1894 ex
724 1833 913 1895 auctoritate
944 1834 1202 1897 testimoniorum

117 1943 259 2021 eduxit,
284 1960 380 2023 quam
405 1946 461 2004 aut
483 1946 599 2004 natura
623 1947 678 2003 666
701 1945 828 2024 tempus
853 1941 989 2008 afferret.

242 2049 324 2113 Item
350 2069 387 2112 ea
412 2047 553 2133 quoque,
579 2068 662 2131 6666
680 2048 790 2113 Cicero
815 2051 854 2114 de
877 2059 957 2134 part.
970 2073 1015 2116 or.
1032 2054 1061 2134 2,
1073 2050 1201 2130 6-2,1

118 2159 171 2224 de
197 2161 260 2222 hac
288 2177 322 2221 re
347 2159 464 2240 docuit,
493 2179 565 2222 cum
594 2160 727 2222 Antonii
754 2163 931 2244 praeceptis
960 2163 1100 2224 maxime
1128 2180 1203 2222 con-

119 2269 295 2350 3666666
329 2268 395 2332 11116
434 2271 519 2332 enim
548 2274 736 2350 argumenta
769 2271 857 2350 „sine
885 2271 969 2334 arte“
998 2271 1204 2333 extrinsecus

114 2382 309 2460 assumpta,
335 2397 418 2460 quae
443 2385 565 2442 remota
589 2377 771 2460 appellavit,
801 2399 866 2442 666
896 2381 1007 2444 multis
1034 2378 1201 2461 exemplis

116 2487 190 2551 sed
214 2487 386 2569 partitione
410 2492 537 2550 tantum
560 2488 820 2552 testimoniorum
843 2489 1025 2570 illustravit,
1045 2472 1204 2571 6666666,

121 2614 219 2680 6666
244 2602 360 2659 natura
382 2597 480 2660 rebus
503 2599 582 2681 ipsis
604 2595 707 2660 infixa
730 2603 815 2680 sunt,
850 2601 911 2662 etsi
945 2599 984 2662 ab
1016 2619 1053 2663 eo
1080 2618 1147 2661 666
1171 2599 1204 2661 16

122 2709 288 2789 quattuor
324 2724 443 2787 genera
479 2707 677 2784 dividuntur,
713 2709 797 2770 31666
834 2708 874 2770 66
911 2709 1059 2787 Antonio,
1097 2712 1205 2770 tamon

122 2812 223 2879 haud
247 2815 430 2898 discrepant
453 2815 492 2877 ab
521 2817 569 2896 113,
607 2835 690 2898 6666
724 2816 819 2879 modo
855 2835 896 2879 ex
926 2816 965 2879 de
1004 2836 1049 2880 or.
1073 2815 1116 2893 II,
1153 2817 1204 2896 39,

130 2923 380 3005 163-40,173
406 2926 628 3008 cognovimus.

242 3031 354 3097 Restat
377 3054 462 3097 unus
485 3034 589 3115 loeus,
618 3033 671 3097 ubi
695 3034 734 3097 de
757 3031 836 3098 loeis
852 3033 1058 3098 inveniendis
1085 3035 1203 3116 agitur:

133 3143 177 3206 de
200 3147 284 3226 part.
308 3163 352 3208 or.
380 3145 407 3225 9,
433 3143 573 3221 33-12,
603 3145 660 3226 43;
693 3143 749 3206 366
773 3145 801 3207 13
825 3143 963 3206 multum
988 3143 1027 3206 ab
1051 3144 1101 3222 iis,
1127 3163 1207 3225 6663

133 3252 243 3316 adhuc
277 3253 453 3334 attulimus,
482 3253 636 3316 dissidere
659 3253 795 3333 videtur,
820 3255 896 3336 quia
918 3254 1005 3315 locos
1029 3271 1092 3314 666
1117 3271 1207 3334 „per-

137 3363 240 3425 mixte
275 3369 306 3425 et
329 3359 506 3443 confuse?
536 3363 592 3425 sed
616 3364 883 3427 constitutionum
908 3362 1020 3430 ordine
1044 3363 1208 3446 expositos

246 3579 271 3647 l)
291 3577 339 3635 cfr.
358 3580 392 3632 de
409 3579 464 3632 inv.
483 3578 519 3642 ΙΙ,
539 3583 580 3647 12,
598 3578 713 3637 38-42.

243 3668 270 3740 2)
292 3671 325 3724 de
353 3671 408 3724 inv.
437 3669 459 3738 1,
488 3675 531 3736 24,
552 3674 600 3734 34;
629 3674 672 3736 30,
692 3675 742 3735 49;
771 3670 913 3742 11,3,11.
950 3669 1025 3724 Sicut
1042 3667 1207 3721 enumeratio

140 3767 266 3829 locorum,
295 3777 347 3830 qua
366 3761 458 3816 Cicero
485 3763 514 3814 in
541 3762 627 3829 primo
655 3762 787 3816 librorum
815 3763 864 3832 „de
883 3761 1052 3815 inventione“
1070 3775 1136 3813 usus
1154 3762 1208 3826 est,

143 3847 174 3902 ab
192 3866 223 3904 66
243 3854 395 3920 „permixta
413 3856 440 3906 66
457 3853 584 3907 66616361(
604 3854 737 3922 appellata
758 3857 806 3919 636,
824 3855 864 3908 166
882 3854 915 3906 de
935 3867 966 3906 ea
979 3866 1083 3919 666666
1094 3850 1206 3914 ratione,

145 3951 221 4006 quam
248 3944 276 3997 16
305 3944 426 3999 locorum
446 3945 622 4012 explicatione
642 3946 729 3998 adhuc
749 3961 780 3998 ex
800 3944 912 4013 reliquis
930 3943 1007 3997 libris
1026 3942 1207 4010 cognovimus,

69 4104 71 4109 Ι
146 4028 213 4086 hand
232 4035 292 4090 aliis
310 4037 399 4091 verbis
418 4037 529 4090 iudicari
549 4039 659 4105 oportet.
