2618 4560
501 255 676 317 ,19-

166 432 356 495 Aristoteles
385 431 470 495 enirn
499 433 560 494 tria
588 432 643 494 illa
666 450 785 514 genera
817 424 919 514 λόγων
943 429 1123 517 ῥητορικῶν
1237 435 1240 442 ’

56 542 266 605 distinctione
289 541 482 621 auditorum,
505 541 591 624 apud
615 560 696 623 quos
721 541 848 621 dicitur,
871 541 1061 621 construxit,
1086 545 1122 603 ut

56 653 128 734 ipse
141 651 223 712 dixit
238 652 338 736 Τέχνη
354 653 420 736 ῥητ.
454 651 483 711 Α
497 652 515 712 3
529 651 573 733 (p.
593 649 659 735 11):
675 647 699 726 1)
726 641 832 732 ,Ἔστι
858 647 893 714 dd
907 647 980 737 [τῆς
997 654 1124 735 ῥητορι-

56 761 120 846 κῆς
142 753 224 846 εἴδη]
249 755 325 844 τρία
348 753 404 825 τὸν
427 751 585 844 ἀριθμόν·
610 761 760 824 τοσοῦτοι
784 753 924 844 γὰρκαὶ
949 753 979 822 oi
1004 749 1125 841 ἀκροα-

59 864 119 931 ταὶ
143 868 209 932 τῶν
230 863 332 951 λόγων
355 861 556 952 ὑπάρχουσιν
578 859 677 946 ὄντες.
724 863 896 952 Σύγκειται
923 864 983 948 μὲν
1004 860 1064 950 γὰρ
1088 863 1124 930 ἐκ

57 977 163 1062 τριῶν
186 970 204 1040 ὁ
229 971 332 1060 λόγος,
355 974 391 1040 ἔν.
414 999 449 1039 τε
473 979 528 1042 τοῦ
551 974 777 1062 λέγοντοςκαὶ
801 974 878 1061 περὶ
902 965 938 1041 οὗ
961 977 1045 1060 λε’γει
1068 972 1125 1039 καὶ

57 1082 146 1174 πρὸς
179 1079 223 1167 ὅν,
257 1084 314 1150 καὶ
351 1080 388 1151 τὸ
422 1082 512 1162 τέλος
547 1081 630 1171 πρὸς
657 1082 770 1152 τοῖτόν
792 1083 874 1165 ἐστι,
905 1085 987 1170 λέγω
1011 1085 1047 1150 δὲ
1070 1079 1126 1150 τὸν

56 1191 230 1284 ἀκροατήν.
275 1186 408 1282 Ἀνάγκη
444 1193 479 1259 δὲ
513 1188 569 1259 τὸν
603 1189 769 1283 ἀκροατὴν
800 1188 820 1282 ἢ
847 1190 974 1279 θεωρὸν
997 1187 1127 1282 εἶναιῆ

58 1300 182 1392 κριτήν,
212 1299 326 1391 κριτὴν
359 1302 394 1369 δὲ
422 1297 442 1393 ἢ
473 1305 539 1367 τῶν
566 1302 779 1390 γεγενημένων
801 1298 823 1392 ἢ
845 1305 910 1368 τῶν
931 1298 1125 1385 μελλόντων.

50 1404 150 1478 ’Ἐστι
186 1412 213 1478 d’
250 1406 267 1477 ὃ
301 1411 372 1496 μὲν,
389 1409 466 1499 περὶ
491 1413 556 1477 τῶν
578 1408 760 1495 μελλόντων
782 1410 901 1498 κρίνων
925 1403 994 1478 οἷον
1017 1410 1128 1500 ἐκκλη-

56 1624 77 1697 ἶι
114 1631 150 1696 δὲ
184 1627 285 1717 [περὶ]
301 1632 371 1716 ,τῆς
405 1624 572 1711 δυνάμεως
608 1625 653 1715 [ὃ]
689 1627 824 1717 θεωρός,
861 1625 936 1696 ὥστ’
961 1629 995 1707 ἑξ
1028 1622 1127 1714 ἀνάγ-

58 1765 119 1826 κης
168 1733 207 1805 dv
252 1731 303 1828 εἰἠ
349 1735 425 1825 τρία
467 1736 539 1828 γε’νη
581 1741 647 1805 τῶν
684 1735 790 1824 λόγων
836 1741 901 1804 τῶν
939 1741 1126 1827 ῥητορικῶν,

61 1844 341 1932 συμβουλευτικόν,
375 1844 551 1930 δικανικόν,
584 1843 838 1914 ἐπιδεικτικὸν.“
895 1849 1040 1914 Eandem
1073 1850 1127 1913 de·

57 1961 246 2024 ductionem
271 1961 365 2023 etiarn
392 1957 501 2022 Cicero
525 1979 618 2022 suam
650 1960 726 2023 fecit
759 1959 799 2022 de
833 1963 914 2042 part.
943 1979 988 2024 or.
1014 1962 1044 2041 3,
1070 1959 1126 2023 10:

55 2070 276 2152 „Auditorum
310 2087 380 2130 eam
415 2067 471 2151 [sc.
496 2065 638 2154 oausam]
672 2088 791 2151 genere
825 2069 988 2152 distingui.
1044 2069 1127 2132 Nam

58 2183 120 2242 aut
143 2179 338 2242 auscultator
371 2177 466 2239 modo
496 2183 544 2240 est
568 2178 624 2259 qui
648 2178 738 2240 audit
772 2184 828 2241 aut
863 2179 1063 2261 disceptator,
1094 2179 1126 2241 id

55 2293 119 2370 est,
141 2289 191 2351 rei
214 2288 460 2369 sententiaeque
483 2286 679 2366 moderator3
715 2288 760 2349 ita
788 2291 851 2365 aut,
883 2292 920 2350 ut
943 2287 1126 2368 delectetur,

58 2398 165 2476 audit,
177 2401 234 2461 aut
256 2401 294 2460 ut
317 2400 436 2459 statuat
458 2397 591 2478 aliquid.
625 2395 743 2459 Statuit
765 2399 872 2459 autem
897 2402 952 2460 aut
976 2398 1015 2461 de
1037 2416 1128 2481 prae-

60 2508 176 2587 teritis,
210 2511 246 2569 ut
275 2505 385 2585 iudcir,
418 2510 474 2568 aut
507 2506 546 2570 de
579 2505 707 2586 futuris,
739 2509 776 2568 ut
807 2510 954 2586 senatus,
992 2510 1038 2571 sio
1068 2509 1129 2571 tria

62 2617 146 2679 haec
167 2634 294 2698 genera,
326 2615 447 2696 iudicii,
480 2612 728 2694 deliberationis,
761 2617 1001 2700 exornationis3
1037 2637 1128 2700 quae,

59 2726 141 2807 quia
163 2725 440 2796 inlaudationem
464 2725 606 2787 maxime
635 2725 807 2805 confertur,
837 2727 1002 2809 proprium
1033 2725 1130 2792 habet

60 2836 129 2896 iam
153 2852 254 2897 exeo
279 2831 456 2919 nomen.‘·2)

172 2942 211 3005 in
250 2943 348 3005 trium
388 2943 540 3005 orationis
576 2959 731 3023 generum
766 2943 985 3008 nominatione
1022 2949 1129 3009 autem

62 3051 247 3133 Ciceroni
270 3048 423 3132 vidimus,
457 3050 608 3114 sibinen
633 3050 812 3132 constabat3
847 3054 893 3117 sic
924 3074 980 3137 pro
1013 3047 1156 3137 genere

12 3140 17 3146 ¹
62 3160 247 3243 „iudiciali‘
272 3161 312 3223 de
328 3180 372 3225 or.
392 3160 433 3242 ll,
454 3161 502 3242 10,
518 3161 560 3222 43
584 3159 717 3224 liberius
742 3162 825 3225 dixit
841 3164 892 3243 „in
908 3163 964 3226 lite
982 3165 1131 3246 orandal,

62 3270 118 3333 vel
143 3270 181 3332 de
198 3289 242 3335 or.
266 3267 313 3352 Il,
336 3270 386 3352 15,
411 3269 595 3333 potantum
619 3271 670 3352 „in
694 3270 835 3352 litibus“,
859 3291 916 3335 seu
941 3273 979 3335 de
1004 3292 1047 3335 or.
1070 3273 1132 3354 111,

62 3380 119 3458 28,
146 3379 209 3440 109
232 3379 340 3460 „lite“;
374 3398 431 3461 pro
455 3380 507 3460 „in
531 3379 779 3444 deliberatione“
804 3381 842 3444 de
872 3401 916 3444 or.
942 3381 984 3464 ll,
1012 3384 1063 3460 10,
1087 3386 1129 3447 43

24 3535 27 3539 .
60 3490 117 3570 „in
142 3489 273 3552 consilio
299 3487 424 3551 dand0“
448 3489 587 3571 scripsit,
613 3508 670 3571 pro
693 3509 812 3572 genere
843 3491 1130 3572 „demonstrativo

62 3598 209 3679 denique
243 3599 282 3660 de
304 3616 359 3662 or.
385 3597 425 3678 ll,
456 3598 507 3680 10,
530 3600 572 3660 43
607 3599 852 3681 „laudationes“,
886 3621 950 3682 quo
975 3603 1131 3667 vocabulo

61 3708 162 3770 etiarn
194 3707 233 3769 de
257 3725 301 3770 or.
327 3706 369 3788 II,
395 3707 446 3785 15,
470 3707 526 3786 653
560 3707 621 3790 HI,
646 3709 697 3786 28,
724 3709 802 3788 109;
837 3709 986 3793 depart.
1011 3731 1053 3774 or.
1080 3714 1131 3794 20,

68 3817 123 3898 7ος
149 3815 201 3898 21,
226 3815 264 3877 71
286 3836 368 3880 usus
392 3822 449 3899 est,
473 3836 548 3880 cum
573 3819 611 3880 do
631 3823 708 3901 part.
733 3837 778 3883 or.
805 3821 834 3894 3,
863 3818 902 3880 10
927 3824 958 3882 et
977 3823 1006 3903 4,
1033 3822 1069 3882 11
1091 3842 1133 3886 ex

66 3961 281 3969 -----.

176 4033 202 4102 1)
221 4034 261 4087 od.
282 4031 398 4101 Spengel
416 4049 442 4101 p.
458 4037 499 4089 11.
521 4017 563 4102 ’2)
584 4032 630 4093 cir,
649 4034 681 4086 de
700 4036 767 4101 part.
788 4050 826 4091 or.
846 4038 889 4104 20,
908 4039 1021 4094 69-70.

921 4135 955 4192 2*
