2618 4560
559 272 733 333 -92-

116 445 435 536 amplificationem.¹)
482 449 550 528 „Ao
584 467 658 531 pars
681 449 824 511 locorum
849 446 1097 525 communium,“
1130 445 1181 506 in·

115 561 188 644 quit
211 558 320 622 Cicero
356 557 395 620 de
417 559 483 619 inv.
507 557 549 638 Il,
587 558 691 640 toas,
726 575 800 639 „per
834 557 1089 639 indignationem
1125 561 1182 619 aut

116 689 173 753 per
196 669 461 751 conquestionem
477 667 642 730 inducitur
665 716 671 729 .
697 715 703 729 .
728 689 752 746 .;
777 687 850 749 pars
874 685 931 749 per
946 666 1089 747 aliquam
1109 683 1182 748 pro-

116 775 254 839 babilem
280 780 416 860 utraque
440 796 481 840 ex
504 782 594 859 parte
609 773 825 861 rationem.“²)
870 775 978 858 Atque
1000 776 1025 836 ii
1050 775 1182 857 quidem

115 887 178 949 loci
202 905 397 969 communen,
427 886 545 969 quibus
569 889 674 948 orator
697 887 730 947 in
756 887 986 950 constitutione
1017 888 1182 948 coniectu·

116 995 176 1058 nali
201 996 313 1077 utitur,
336 1002 467 1060 exstant
491 996 529 1059 de
553 996 621 1058 inv.
643 995 685 1076 Il,
712 995 904 1077 lopo—51.

222 1103 296 1167 Alia
318 1106 440 1168 ratione
464 1105 503 1168 de
527 1105 710 1168 coniectura
733 1110 939 1188 praeceptum
966 1107 1014 1166 est
1037 1102 1078 1164 de
1101 1109 1184 1185 part.

118 1233 160 1276 or.
190 1212 478 1294 32,110-35,122.
537 1212 606 1289 Quo
641 1211 712 1276 1000
737 1216 864 1296 oratori,
898 1215 926 1277 si
953 1214 1041 1276 locos
1076 1213 1111 1274 in
1147 1231 1184 1276 re

88 1408 89 1411 Ἴ
117 1324 240 1404 positos
264 1322 415 1386 adhibere
434 1308 544 1406 ¹‘nolet
580 1324 661 1387 duas
686 1326 827 1387 maxime
862 1342 913 1387 res
940 1322 1185 1406 perspiciendas

117 1448 189 1493 esse
208 1430 380 1497 discimus:
406 1452 534 1496 oausam
553 1437 584 1495 et
602 1429 793 1516 eventuml)
837 1433 876 1495 In
901 1452 998 1496 causa
1013 1437 1189 1496 accusator

119 1539 340 1605 demonstrare
375 1542 469 1606 debet
503 1562 571 1607 rem
595 1541 712 1603 factam
735 1541 793 1622 illi,
827 1543 883 1623 qui
907 1544 1061 1625 arguitur,
1100 1542 1188 1604 utili-

117 1652 215 1712 tatem
239 1650 425 1733 praebuisse
450 1652 488 1714 ab
507 1670 609 1734 eoque
626 1649 709 1713 effici
724 1653 882 1733 potuisse3
907 1652 945 1714 ad
970 1652 1185 1733 suspitionem

117 1758 367 1825 confirmandam
392 1763 487 1824 ctiam
504 1765 612 1824 motus
637 1761 818 1824 animorum
839 1760 1062 1825 considerabit.
1103 1759 1183 1824 Mai-

118 1874 335 1932 cremantem
361 1871 572 1953 suspitionem
595 1870 723 1949 inferet,
751 1872 778 1933 si
802 1876 947 1953 eventus,
974 1872 993 1933 i.
1019 1889 1044 1933 e.
1070 1890 1182 1934 conse·

118 1979 249 2059 quentia
273 1979 364 2061 signa
397 1983 428 2041 et
451 1979 585 2060 vestigia
608 1978 785 2060 protulerit,
816 1999 898 2062 quae
922 1980 1024 2043 multa
1048 1998 1182 2042 enume-

117 2093 187 2151 rata
211 2087 358 2152 videmus
382 2088 421 2152 de
444 2093 522 2171 part.
548 2107 590 2151 or.
620 2088 746 2170 33,114.
793 2088 883 2164 Quae
907 2090 934 2153 si
959 2105 1025 2152 non
1041 2091 1182 2166 exstant,

117 2197 187 2260 loco
212 2198 374 2261 communi
410 2197 493 2260 dicet
527 2216 618 2261 reum
648 2197 798 2261 facillime
833 2199 953 2261 indicia
987 2199 1089 2260 vitare
1125 2215 1181 2280 po·

118 2309 226 2389 tuisse,
248 2308 281 2370 id
307 2307 395 2390 quod
418 2306 565 2370 defensor
587 2309 632 2370 ita
654 2307 787 2389 refellet,
811 2314 845 2371 ut
870 2307 1055 2390 „audaciam
1080 2311 1180 2369 teme·

116 2419 212 2495 nitati,
250 2437 315 2480 non
350 2416 540 2500 prudentiae
572 2417 777 2481 coniunctam
802 2418 889 2481 esse“
918 2417 1097 2481 contendat.
1147 2413 1181 2477 Si

117 2546 193 2589 vero
217 2527 278 2588 loci
301 2527 504 2590 extrinsecus
520 2530 702 2599 sumuntur,
727 2532 896 2591 accusator
914 2531 1011 2591 testes
1034 2523 1182 2588 laudabit

116 2636 225 2719 iisque
249 2637 352 2718 magis
366 2633 561 2697 eredendum
579 2653 649 2698 csse
672 2637 826 2718 ostendet,
850 2656 947 2718 quam
965 2634 1180 2718 argumentis3

118 2745 233 2808 deinde
247 2746 452 2828 quaestiones
465 2762 594 2827 quoque
605 2743 778 2826 postulabit
789 2763 965 2828 eorumque
978 2743 1183 2823 sententiam,

118 2856 175 2937 qui
199 2875 253 2925 eas
277 2855 440 2919 infirmare
473 2859 641 2934 conantur,
674 2853 826 2917 refutabit
857 2860 888 2917 et
917 2853 1069 2917 irridebit.
1118 2849 1182 2916 De·

120 2964 360 3053 fensorautem
396 2967 430 3027 in
455 2984 554 3027 causa
589 2969 619 3026 et
642 2964 814 3027 utilitatem
850 2968 881 3027 et
905 2964 1088 3027 facultatem
1118 2963 1183 3026 010-

118 3092 194 3137 vare
219 3073 312 3138 debet
341 3080 372 3137 et
395 3076 627 3155 consequentia
652 3092 697 3151 ca,
734 3093 817 3155 quae
840 3073 1058 3157 proferuntur,
1092 3077 1183 3136 certa

117 3184 237 3248 indicia
261 3202 330 3247 esse
365 3183 504 3265 negabit,
540 3185 682 3266 itemque
717 3189 815 3248 testes
844 3189 874 3247 et
903 3185 1118 3267 quaestiones,
1154 3183 1183 3244 si

226 3436 251 3504 ll
271 3436 317 3491 cfr.
339 3436 371 3488 de
390 3451 428 3490 or.
447 3434 482 3503 Il,
503 3434 594 3503 aas&
614 3434 665 3500 111,
686 3440 798 3501 27‚106;
819 3450 856 3489 or.
871 3435 962 3501 15‚47;
981 3437 1185 3503 salae—1263

118 3527 194 3585 Brut.
214 3533 302 3594 1246.

226 3620 252 3689 2)
272 3619 331 3685 Qua
348 3636 376 3673 re
396 3617 441 3672 alii
460 3617 511 3670 loci
530 3620 557 3671 et
574 3618 626 3671 loci
639 3633 795 3671 communes
813 3617 884 3670 inter
902 3631 932 3668 se
945 3615 1070 3669 differant
1089 3612 1183 3670 Cicero

118 3712 151 3766 de
169 3711 227 3766 inv.
247 3712 281 3776 ll,
303 3715 379 3777 16‚51
398 3710 449 3764 hoo
477 3710 555 3764 modo
575 3709 730 3777 explicavit:
762 3706 810 3778 „ln
828 3704 883 3758 illis
902 3705 974 3759 enim
992 3705 1053 3759 finis
1073 3707 1123 3775 est,
1154 3709 1184 3760 ut

118 3803 155 3871 id,
175 3803 245 3871 qnod
265 3804 373 3869 dieitur,
400 3817 495 3854 serum
514 3817 571 3855 esse
590 3801 719 3864 videatur,
748 3799 777 3851 in
795 3798 847 3870 his,
875 3797 983 3851 tametsi
1007 3797 1057 3852 hoo
1076 3813 1183 3867 quoque

119 3894 203 3948 rideri
222 3898 334 3964 oportet,
352 3901 441 3949 tamen
460 3893 522 3947 finis
541 3896 582 3947 cst
600 3891 773 3959 amplitudo.“

225 3989 252 4052 3)
273 3986 320 4041 cfr.
338 3995 394 4054 top.
414 3988 501 4054 23‚87‚
521 3984 568 4039 nbi
585 3984 658 4047 10010,
679 3983 776 4051 quiex
795 3982 884 4036 causis
904 3984 932 4034 et
949 3980 1050 4035 effectis
1069 3997 1181 4035 sumun-

118 4081 172 4146 tur,
191 4079 211 4132 ii
232 4080 371 4146 adduntur,
391 4093 457 4147 quos
477 4079 567 4132 orator
585 4093 617 4130 ex
635 4074 787 4130 coniunctis
805 4089 928 4143 promere
949 4080 1045 4140 potest.
