2618 4560
438 784 571 892 Caput
603 786 797 891 primum.

192 1026 193 1029 i
270 959 319 1039 [ie
348 959 539 1058 partitione
568 962 741 1042 materiae
770 963 963 1041 oratoriae.
1064 1006 1067 1012 ·

192 1102 231 1164 In
254 1105 360 1185 primo
377 1102 533 1165 librorum
558 1103 615 1184 „de
630 1105 834 1169 inventione*
852 1105 961 1170 Cicero
985 1105 1150 1166 materiam
1262 1129 1263 1133 ¹

87 1213 259 1275 oratoriam
282 1213 317 1274 in
341 1213 400 1274 tria
424 1230 543 1294 genera
567 1212 741 1277 distribuit:
767 1215 799 1276 in
823 1233 928 1297 genus
952 1215 1149 1277 demonstra·

85 1323 200 1402 tivum,
226 1321 480 1399 deliberativum,
504 1322 670 1403 iudiciale3
693 1325 728 1386 in
752 1342 855 1407 eaque
878 1325 1049 1407 partitione
1073 1324 1148 1385 Ari·

86 1429 231 1494 stotelem
257 1432 350 1513 sequi
373 1429 434 1494 sibi
459 1431 549 1494 visus
573 1436 628 1514 est,
662 1433 695 1495 id
725 1420 810 1516 quod
846 1432 886 1497 de
913 1434 979 1498 inv.
1007 1433 1032 1514 I,
1068 1429 1149 1513 5,i¹)

84 1540 134 1601 his
168 1538 276 1602 verbis
305 1541 478 1623 expressit:
514 1541 724 1622 „Aristoteles
748 1546 864 1624 autem,
899 1543 954 1624 qui
989 1541 1064 1604 huic
1088 1542 1149 1603 arti

84 1650 224 1732 plurima
272 1649 459 1725 adiumenta
506 1656 604 1734 atque
643 1655 829 1713 ornamenta
882 1649 1149 1731 subministravit,

85 1758 191 1822 tribus
219 1759 253 1820 in
277 1758 449 1842 generibus
477 1776 585 1821 rerum
609 1759 732 1820 versari
758 1759 895 1822 rhetoris
919 1757 1060 1822 officium
1083 1778 1146 1844 pu-

85 1870 165 1931 tavit
175 1917 182 1950 ,
222 1860 484 1949 demonstrativo,
527 1865 752 1949 deliberativo,
786 1868 993 1932 iudiciali..
1022 1917 1060 1934 ..
1096 1865 1148 1948 Et,

85 1977 357 2059 quemadmodum
381 1983 491 2040 nostra
514 1975 574 2040 fert
590 1976 709 2058 opinio,
732 1978 865 2042 oratoris
881 1998 933 2041 ars
957 1983 988 2041 et
1010 1977 1146 2040 trininitas

85 2089 121 2148 iu
146 2087 204 2150 hac
240 2088 374 2150 materia
408 2086 565 2170 tripertita
600 2087 720 2148 versari
759 2086 974 2151 existimanda
1004 2085 1081 2166 est;“
1115 2089 1146 2148 et

89 2196 200 2260 eadem
225 2196 353 2260 detur.
385 2194 485 2277 1,7,o
509 2194 665 2278 repetivit,
690 2213 763 2257 oum
781 2196 909 2260 diceret:
934 2192 1057 2276 „Quare
1081 2213 1147 2256 ma-

86 2305 167 2367 teria
191 2305 322 2387 quidem
346 2301 441 2368 nobis
459 2304 634 2367 rhetoricae
651 2303 779 2367 videtur
795 2305 882 2384 artis,
907 2322 1002 2384 quam
1022 2303 1146 2365 Aristo·

81 2413 139 2476 teli
171 2414 275 2477 visam
309 2434 379 2479 esse
411 2414 585 2478 diximus.“
638 2411 699 2476 Sed
731 2414 764 2476 in
788 2413 848 2476 hac
875 2432 909 2476 re
937 2411 1056 2474 erravit
1084 2429 1144 2474 nec

82 2527 168 2586 recte
202 2524 373 2607 intellexit,
409 2544 492 2608 quae
530 2523 806 2607 praeclarissimus
846 2523 901 2586 ille
936 2520 1145 2605 philosophus

82 2634 245 2712 sensisset,
281 2640 318 2697 ut
352 2636 416 2697 iam
448 2629 580 2718 Bauer)
618 2638 648 2696 et
676 2629 889 2715 Volkmannt)
918 2631 991 2694 luce
1025 2631 1144 2694 clarius

82 2739 396 2808 demonstraverunt.
429 2741 512 2805 Nam
536 2746 644 2805 noster
658 2742 718 2804 tria
734 2741 790 2804 illa
805 2759 932 2824 genera,
949 2758 1031 2822 quae
1047 2758 1146 2822 supra

81 2851 262 2933 attulimus,
296 2852 463 2915 materiam
493 2853 570 2915 artis
598 2851 780 2934 appellavit,
807 2847 998 2912 Aristoteles
1027 2853 1144 2929 autem,

86 2964 122 3021 ut
144 2961 250 3024 Bader
269 2962 360 3042 dixit,
385 2961 592 3044 „rhetoricam
609 2978 714 3042 neque
731 2959 819 3022 civili
834 2959 951 3021 rationi
967 2955 1145 3038 subiunxit,

83 3086 191 3150 neque
213 3072 379 3134 materiam
415 3071 486 3134 eius
510 3071 605 3133 aliam
629 3069 706 3133 tecit
729 3087 765 3131 ac
789 3067 951 3150 Gorgias‘,
985 3067 1141 3149 antiquis-

83 3179 186 3242 simus
209 3180 263 3243 ille
286 3181 394 3243 rhetor
417 3179 604 3259 Leontinus,
636 3179 692 3261 qui
717 3177 867 3241 omnibus
891 3177 931 3240 de
954 3175 1051 3239 rebus
1074 3195 1143 3238 ora-

80 3292 182 3352 torem
217 3290 335 3373 optime
368 3307 462 3372 posse
498 3289 603 3352 dicere
628 3292 796 3366 statuerat3
833 3291 865 3350 et
898 3287 976 3350 baec
1011 3286 1142 3370 quidem

81 3399 308 3480 cognoscimus
337 3416 379 3461 ex
407 3398 587 3462 Aristotelis
616 3396 709 3479 libro,
737 3399 794 3477 qui
820 3396 1008 3461 inscribitur
1030 3391 1142 3484 „ripen

188 3610 216 3680 1)
244 3609 342 3666 Libros
371 3612 421 3680 „de
454 3611 628 3665 inventione“
662 3626 696 3664 ex
729 3610 930 3665 Friederioiana
962 3607 1142 3678 recognitione

78 3699 167 3769 [Lips.
189 3700 270 3773 1884]
294 3703 443 3774 citavimus,
470 3702 573 3772 reliqua
601 3704 692 3758 antem
711 3701 846 3757 Ciceronis
872 3702 972 3770 scripta
1000 3717 1033 3755 ex
1053 3716 1142 3755 recen·

80 3792 154 3846 riona
173 3791 267 3847 Orellii
287 3796 314 3849 ot
332 3795 435 3856 Baiteri
455 3793 528 3866 [Tur.
550 3793 638 3867 1844].

185 3885 212 3954 2)
233 3886 291 3952 „De
310 3885 446 3942 Ciceronis
472 3887 667 3943 rhetoricorum
687 3885 790 3943 libris.“
819 3885 890 3938 Disr.
909 3883 999 3952 inaug.
1037 3882 1140 3956 Gryph.

78 3975 149 4033 1879
168 3993 194 4046 p.
214 3982 293 4036 2—3.

186 4069 213 4139 3)
234 4069 381 4139 „Rhetorilr
400 4072 447 4125 der
465 4069 597 4126 Grieohon
617 4071 672 4124 und
691 4069 805 4124 Rbmer“
826 4069 864 4138 2ρ.
884 4072 928 4125 20,

928 4171 962 4228 1*
