2618 4560
558 283 733 344 *94-

116 460 149 520 in
181 459 408 523 constitutione
443 478 563 540 omnes,
598 458 716 541 quibus
752 460 968 522 controversia
1003 463 1061 539 est,
1096 459 1178 522 iuris

115 573 221 650 partes
245 569 446 632 considerare
471 568 596 632 debent.
644 568 776 631 Constat
799 569 885 630 enim
918 569 980 650 ius,
1010 573 1047 630 ut
1069 565 1179 630 Cicero

116 677 135 740 l.
160 697 186 742 c.
211 679 368 761 exposuit,
391 697 432 740 ex
454 674 602 762 tribus:1)
625 684 747 758 natura,
771 677 1018 755 consuetudine,
1042 675 1179 758 legibus.

117 785 258 850 Naturae
286 788 347 867 ina,
376 787 481 870 „quod
514 786 608 849 nobis
632 786 789 868 quaedam
825 788 936 849 innata
971 787 1020 848 vis
1053 785 1178 848 attulit‘

118 897 270 960 continet:
307 897 506 978 religionem,
542 898 701 978 pietatem,
735 897 891 978 gratiam·
919 895 1180 975 vindicationem,

120 1004 367 1087 observantiam,
379 1007 555 1084 veritatcm3
570 1004 740 1068 adhibetur
759 1009 864 1069 antem
882 1005 920 1067 ad
934 1004 1181 1068 similitudinem

121 1120 176 1177 aut
199 1114 239 1176 ad
262 1134 328 1177 rem
353 1114 617 1197 amplificandam.
663 1115 701 1177 ln
726 1115 969 1177 consuetudinis
992 1115 1064 1178 iure
1096 1133 1182 1196 vem,

119 1222 225 1303 „quod
249 1228 392 1287 vetustas
416 1223 663 1306 comprobavit,“
699 1229 830 1287 suntet
864 1223 967 1286 edicta
998 1228 1182 1307 praetorum

120 1338 150 1395 et
170 1332 232 1395 alia
249 1333 422 1415 „quaedam
438 1352 557 1414 genera
572 1332 680 1414 iuris,“
695 1338 731 1395 ut
749 1337 888 1414 pactum,
906 1353 972 1416 par,
990 1334 1183 1397 iudicatum.

121 1441 214 1522 „lura
241 1441 401 1525 legitima“
438 1442 578 1525 denique
613 1461 653 1505 ex
687 1441 813 1524 legibus
845 1443 1089 1526 intelleguntur,
1139 1443 1185 1507 Ut

123 1552 156 1613 in
182 1552 265 1633 aliis,
288 1553 332 1614 ita
354 1553 388 1614 iu
412 1552 472 1614 hac
500 1571 630 1635 quoque
657 1551 888 1614 constitutione
911 1552 972 1614 loci
997 1571 1187 1617 communes

122 1660 291 1723 utilitatem
308 1661 474 1742 praebent:
499 1662 657 1744 imprimis
679 1659 788 1723 Cicero
808 1659 867 1741 „ab
888 1662 1081 1724 auctoritate
1103 1664 1188 1726 iuris

122 1769 340 1833 consultorum
375 1775 432 1832 aut
471 1775 580 1833 contra
620 1770 858 1832 auctoritatem“
893 1770 1014 1852 aliquid
1043 1771 1187 1854 proferre

21 1940 23 1945 .
123 1878 334 1944 commendat.

230 1985 412 2050 Secundam
424 1991 547 2069 partem
564 1988 803 2050 constitutionis
816 1989 984 2070 generalis,
997 1990 1051 2052 cui
1068 2009 1187 2055 nomen

124 2101 172 2160 est
194 2096 394 2173 iuridicialis,
419 2095 529 2160 Cicero
563 2082 607 2159 ita
641 2099 799 2179 tractavit,
834 2103 870 2160 ut
902 2099 993 2180 prius
1016 2101 1133 2182 „aequi
1156 2106 1190 2163 et

122 2208 226 2290 iniqui
255 2205 433 2287 naturam,“
471 2206 587 2269 deinde
622 2207 775 2289 „praemii
802 2211 832 2270 et
854 2209 995 2290 poenae“
1029 2210 1189 2274 rationem

125 2323 298 2399 quaereret.
346 2315 425 2378 Eam
450 2317 567 2379 iterum
584 2319 619 2378 in
636 2316 715 2379 duas
731 2321 837 2398 partes
854 2315 1029 2397 distribuit;
1048 2339 1190 2402 quarum

123 2427 236 2508 prima,
261 2445 357 2508 quam
384 2424 494 2488 Cicero
519 2425 698 2489 absolutam
724 2426 895 2509 appellavit
911 2426 950 2489 de
965 2428 1031 2491 inv,
1048 2426 1074 2507 Ι,
1093 2429 1189 2509 11,15

126 2539 156 2595 et
183 2533 224 2613 H,
256 2533 351 2615 23,69
387 2535 516 2598 eosdem
552 2543 815 2617 argumentorum
851 2537 937 2599 locos
972 2535 1077 2614 habet,
1107 2557 1191 2619 quos

125 2643 310 2705 constitutio
334 2643 520 2725 negotialis3
545 2644 608 2705 loci
632 2662 818 2707 communes
853 2650 958 2708 autem
995 2645 1027 2706 in
1061 2664 1097 2708 ea
1136 2652 1193 2711 aut

126 2769 168 2814 ex
191 2753 261 2834 ipsa
285 2772 389 2834 causa,
414 2757 469 2815 aut
493 2763 534 2816 ex
557 2754 639 2816 iuris
661 2754 799 2816 utilitate
823 2759 853 2818 et
885 2759 999 2817 natura
1033 2774 1192 2837 promun-

125 2859 220 2944 turi)
265 2862 304 2925 In
328 2863 468 2926 secunda
499 2867 588 2945 parte
622 2883 707 2946 vero,
742 2865 796 2926 cui
820 2862 929 2927 Cicero
964 2883 1081 2926 nomen
1120 2884 1193 2946 „as-
1226 2924 1229 2929 ⁴

126 2973 348 3054 sumptivam“,
371 2972 488 3034 indidit
513 2972 551 3035 de
574 2973 640 3035 inv.
667 2971 692 3050 Ι,
706 2973 800 3052 11,15
825 2978 856 3036 et
878 2971 921 3055 II,
942 2973 1036 3053 24,71
1062 2991 1194 3056 compa-

127 3081 293 3158 rationem,
309 3081 504 3168 ¹relationem
523 3082 676 3160 criminis,
701 3084 908 3146 remotionem
934 3082 1088 3163 oriminis,
1112 3101 1191 3146 oon-

127 3192 303 3255 cessionem
328 3192 486 3254 tractavit.

233 3301 271 3364 In
296 3296 568 3385 comparatione‚³)
592 3320 673 3382 quae
697 3320 760 3363 non
791 3301 895 3365 solum
931 3320 973 3364 ex
1008 3303 1076 3364 suis
1111 3301 1195 3367 locis

128 3414 317 3493 argumenta
340 3411 446 3490 sumit,
474 3427 586 3472 verum
622 3411 717 3473 etiam
753 3409 888 3472 aliarum
924 3412 1193 3476 constitutionum

127 3524 296 3604 praecepta
320 3517 457 3595 adhibet,
482 3522 650 3580 accusator
674 3538 727 3582 eas
761 3536 813 3580 res
849 3536 951 3599 eaque
983 3520 1074 3599 facta,
1108 3541 1194 3603 quae

128 3650 202 3694 reus
237 3633 409 3713 comparat,
448 3628 641 3690 coniecturis
681 3627 834 3690 faciendis
878 3626 1041 3691 infirmare
1081 3628 1193 3710 debet;

129 3741 278 3805 defensor
301 3745 406 3803 autem
432 3737 560 3802 eosdem
584 3734 670 3799 locos
694 3736 735 3798 ad
759 3755 850 3799 suam
868 3736 1037 3801 utilitatem
1060 3739 1193 3812 referet;

128 3923 340 3930 .————-

237 3995 263 4058 1)
282 3992 330 4047 cfr.
349 3991 382 4043 de
399 3989 455 4043 inv.
477 3987 511 4054 11,
531 3985 768 4056 53,160-54‚162.

236 4084 262 4154 2)
282 4084 315 4137 de
334 4083 386 4137 inv.
406 4081 440 4149 11,
461 4079 549 4147 aaut.
761 4078 789 4148 3)
808 4079 841 4133 de
859 4077 914 4133 inv.
933 4077 968 4143 11,
988 4083 1196 4151 alna-2638.
