2618 4560
561 240 736 302 ...97-

117 438 164 482 ex
185 415 362 501 beneficiis,
387 433 428 478 ex
451 412 593 498 homine,
615 435 657 478 ex
679 419 814 499 praemii
836 436 966 500 genere,
988 437 1029 482 ex
1052 418 1185 483 faculta-

117 530 218 591 tibus.
268 524 317 588 De
340 543 443 606 poena
466 543 541 588 vero
565 545 728 609 nusquam
752 527 875 610 aliquid
899 528 1018 591 docuit.
1114 585 1118 593 .

228 633 295 697 Nos
311 638 416 696 autem
442 635 573 702 omnino
598 653 643 715 ea,
667 654 749 717 quae
772 638 807 698 in
830 637 890 701 hac
913 642 1002 720 parte
1026 638 1185 720 exposuit,

118 747 201 809 falso
224 746 260 806 in
285 744 512 806 constitutione
542 745 724 822 iuridiciali,
758 752 913 828 quaeest
943 748 1070 829 generis
1100 747 1186 814 iudi·

120 855 222 935 cialis,
256 853 415 934 explicata
449 872 520 917 esse
551 852 745 916 arbitramur
768 873 874 937 neque
897 857 997 937 ratio,
1023 857 1185 939 quemad

123 963 316 1028 sententiam
342 983 435 1025 suam
459 962 657 1045 probandam
682 963 721 1026 de
744 964 810 1026 inv.
828 963 871 1045 II,
889 963 1046 1050 37,1101)
1071 967 1187 1049 attulit,

122 1072 215 1135 nobis
251 1072 457 1165 pprsuadere‘
480 1077 594 1155 potest.
644 1071 727 1135 Nam
764 1074 824 1136 etsi
858 1074 1066 1138 concedimus
1100 1077 1184 1158 apud

122 1183 245 1246 iudices
278 1201 515 1264 nonnunquam
560 1181 599 1244 de
637 1183 778 1264 praemio
813 1188 1036 1248 accusatorum
1073 1187 1186 1268 quaeri

123 1311 226 1374 posse,
249 1296 356 1354 tamen
374 1310 576 1373 summopere
594 1310 710 1373 negare
723 1291 877 1355 debemus
892 1293 971 1356 tales
984 1296 1186 1376 quaestiones

126 1401 235 1483 generi
256 1400 402 1464 iudiciali
426 1400 669 1490 subiungendas
686 1420 765 1482 esse,
789 1403 865 1484 quia
887 1404 921 1469 iu
944 1404 984 1465 iis
1008 1405 1186 1467 sententiae

124 1511 319 1593 aperiuntur,
353 1529 457 1591 genus
489 1511 638 1573 iudiciale
673 1516 788 1590 autem,
824 1515 861 1573 ut
896 1510 1005 1574 Cicero
1044 1514 1112 1595 ipse
1147 1514 1186 1577 de

123 1620 189 1683 inv.
213 1619 239 1701 I,
264 1620 325 1697 5,7
351 1609 442 1701 diiii,
473 1621 630 1702 „positum
654 1620 689 1681 in
711 1619 831 1682 iudicio
855 1619 952 1682 habet
975 1623 1010 1683 in
1034 1640 1068 1685 se
1092 1642 1186 1685 accu-

124 1731 279 1792 sationem
304 1736 335 1793 et
352 1728 569 1792 defensionem
586 1735 643 1792 aut
660 1731 847 1812 petitionem
864 1735 896 1792 et
910 1731 1146 1794 recusationem
1157 1732 1185 1815 ;“

125 1839 151 1901 si
192 1857 270 1901 vero
308 1839 331 1903 l.
369 1858 396 1904 c.
435 1858 538 1918 genus
573 1839 821 1902 deliberativum
859 1840 893 1901 in
933 1859 966 1904 sc
1009 1843 1186 1906 sentcntiae

127 1949 298 2011 dictionem
310 1948 429 2011 habere
442 1948 532 2030 dixit,
556 1969 620 2012 non
633 1968 704 2013 esse
719 1952 882 2032 putamus,
907 1969 964 2013 cur
981 1953 1186 2034 quaestiones

126 2057 163 2119 de
198 2058 348 2140 praemio,
383 2059 508 2120 etiamsi
543 2058 628 2139 apud
662 2058 785 2120 iudices
821 2057 990 2139 habentur,
1025 2081 1043 2122 a
1070 2079 1187 2142 genere

128 2164 333 2230 deliberativo
358 2172 574 2231 secernantur.
1078 2247 1080 2250 Α

229 2276 270 2339 In
306 2278 376 2341 aliis
412 2283 517 2341 autem
555 2277 681 2359 scriptis
703 2276 871 2341 rhetoricis
896 2277 934 2340 de
958 2278 1188 2343 constitutione

129 2386 289 2466 qualitatis
324 2407 389 2450 nou
425 2387 535 2451 eadem
570 2388 694 2449 ratione
728 2392 833 2449 actum
859 2405 936 2469 esse,
972 2406 1068 2469 quam
1092 2388 1186 2452 modo

130 2497 345 2578 cognovimus,
382 2498 489 2559 statim
522 2515 564 2559 ex
597 2515 633 2559 eo
657 2499 798 2579 apparet,
836 2496 920 2578 quod
945 2495 1055 2561 Cicero
1079 2499 1114 2560 in
1136 2498 1190 2580 iis,

128 2610 161 2666 ut
183 2625 213 2687 p.
242 2607 282 2667 32
308 2625 396 2688 sequ.
422 2607 642 2689 exposuimus,
677 2611 783 2689 partes
809 2625 911 2688 paene
934 2607 1189 2689 innumerabiles

129 2714 267 2797 reliquit,
302 2720 497 2799 quapropter
531 2717 644 2798 paucis
679 2715 785 2778 verbis
819 2734 887 2778 rem
922 2715 987 2778 illic
1022 2716 1187 2780 absolvere

130 2826 235 2903 potuit.

234 2932 326 3009 Quae
343 2937 428 2998 enim
446 2936 485 2998 de
503 2935 570 2999 inv.
589 2933 631 3012 H,
657 2932 849 3015 eaeo-68
874 2932 934 2996 sub
959 2934 1188 2996 constitutione

234 3128 260 3197 l)
280 3129 312 3180 de
340 3128 393 3181 inv.
412 3127 448 3192 ΙΙ,
468 3130 575 3192 37,110
598 3126 663 3181 haee
683 3125 786 3194 scripta
805 3126 940 3187 videmus:
969 3126 1026 3192 „Ac
1053 3124 1188 3178 neminem

129 3218 269 3274 conveniet
288 3219 413 3273 arbitrari
431 3235 488 3284 nos,
518 3234 580 3272 eum
605 3217 714 3286 aliquod
733 3218 883 3286 exemplum
903 3233 1040 3285 ponamus,
1071 3217 1141 3285 quod
1159 3217 1188 3269 in

129 3313 220 3365 senatu
239 3315 341 3379 agatur,
371 3312 404 3366 ab
427 3311 547 3365 iudiciali
565 3326 664 3378 genere
683 3310 866 3378 exemplorum
885 3310 1015 3364 recedere.
1054 3307 1188 3376 Quicquid

130 3403 197 3456 enim
226 3403 259 3456 de
286 3404 393 3457 homine
421 3404 555 3471 probando
579 3403 627 3456 aut
646 3402 825 3470 improbando
845 3402 951 3472 dicitur,
980 3418 1040 3456 cum
1067 3401 1101 3454 ad
1129 3417 1188 3455 eam

129 3492 274 3547 dictionem
293 3496 485 3549 sententiarum
505 3501 609 3563 quoque
628 3494 696 3549 ratio
716 3495 941 3565 accommodetur,
969 3495 998 3548 id
1016 3510 1077 3558 uon,
1097 3493 1190 3560 siper

127 3587 275 3639 sententiae
294 3587 438 3640 dictionem
457 3587 555 3657 agitur,
575 3587 781 3642 deliberativum
801 3590 855 3654 est3
874 3587 930 3656 sed,
949 3586 1012 3653 quia
1031 3585 1062 3638 de
1080 3584 1188 3638 homine

128 3678 263 3747 statuitur,
288 3679 416 3733 iudiciale
436 3682 476 3732 cst
495 3679 673 3736 habendum.“
710 3679 806 3734 Miram
826 3678 1005 3734 subtilitatem
1025 3692 1077 3746 qua
1095 3675 1188 3730 (licere

128 3773 211 3836 genus
239 3770 364 3825 iudiciale
390 3774 418 3824 et
436 3770 641 3825 deliberativum
659 3771 811 3825 distinxisse
829 3771 881 3824 sibi
899 3770 974 3823 visus
993 3768 1049 3823 estl
1086 3767 1123 3821 At
1139 3784 1190 3823 nos

132 3859 198 3914 illud
218 3862 362 3916 discrimen
381 3863 553 3929 comprobare
571 3880 626 3918 non
644 3877 796 3932 possumus,
815 3862 885 3931 quod
904 3877 1011 3931 prorsus
1029 3861 1132 3928 puerile
1156 3891 1189 3902 -

126 3968 188 4005 nam
208 3954 259 4008 hoe
278 3954 408 4008 vocabulo
427 3953 547 4022 pluribus
565 3955 632 4009 locis
652 3969 713 4008 usus
733 3955 780 4020 est,
808 3952 855 4008 ubi
874 3953 899 4006 ei
917 3951 1007 4020 aliqua
1026 3950 1189 4007 Graecorum

127 4043 248 4097 doctrina
266 4045 400 4114 displicuit
420 4074 453 4085 —
472 4045 548 4099 nobis
568 4047 685 4105 videtur.

977 4151 993 4203 7
