2618 4560
498 245 673 306 ..15-

54 429 230 512 parationis
258 431 365 490 autem
394 423 459 486 duo
488 427 564 486 sunt
616 420 816 503 parationum
868 415 996 480 autem
1037 413 1114 477 duo:

55 538 158 604 modi:
193 555 289 617 unus,
320 552 405 611 oum,
434 532 563 596 idemne
617 526 895 592 unumdeeodem
912 521 1024 605 etaliq
1040 523 1117 586 aite-

55 650 99 712 sit
114 667 155 710 an
172 645 317 728 ahquid
309 665 343 706 ιιι
345 643 435 708 torsit
436 659 563 724 ,quae-
616 658 689 703 rum
714 637 753 701 de
776 636 895 699 maiore
919 639 950 697 et
972 634 1106 696 minore.

58 761 87 822 ri
89 763 174 820 tu.r
199 755 353 835 ..alter
376 749 563 833 numquid

58 869 198 949 praestet
186 864 317 928 taliud
342 863 405 944 alii,
439 863 564 944 quaeri·

57 983 206 1040 tur...

105 1087 214 1166 Atque
249 1099 305 1145 eae
341 1079 472 1162 quidem
502 1079 565 1142 dis·
622 1081 671 1142 85.
689 1127 696 1142 .
715 1076 810 1142 ..De
826 1077 1019 1161 cognitionis
1030 1092 1123 1158 quae·

57 1195 264 1277 captationes,
290 1208 373 1273 quac
396 1189 436 1252 ad
460 1189 565 1271 cogni·
620 1187 780 1252 stionibus
804 1187 971 1250 hactenus.

57 1305 181 1366 tionem
205 1299 402 1380 referuntur,
430 1299 477 1362 sic
499 1298 566 1363 fere
977 1304 980 1311 '

58 1434 85 1490 ιΙ
97 1411 291 1476 doctissimis
311 1407 496 1472 hominibus
513 1408 566 1472 de-

58 1520 258 1586 scribuntur.

60 1631 191 1711 30,]18.
217 1626 307 1703 Quae
330 1645 406 1689 vero
422 1626 567 1690 referun-
623 1628 673 1693 86.
695 1631 875 1694 Actionis
891 1629 1034 1712 reliquae
1051 1629 1126 1690 sunt

59 1749 116 1804 tur
144 1740 184 1802 ad
208 1736 419 1821 agendum,
454 1737 565 1799 autin
623 1725 686 1824 [ιο.
714 1736 946 1825 quaestiones],
985 1757 1124 1820 quarum

60 1849 160 1913 officii
184 1847 413 1930 disceptatione
436 1865 566 1910 versan-
623 1850 685 1913 duo
719 1868 852 1932 genera:
885 1869 989 1912 unum
1018 1847 1059 1910 ad
1082 1846 1127 1909 of-

58 1965 114 2022 tur
137 2008 145 2022 .
171 2005 178 2020 .
203 2006 211 2022 .
236 1961 291 2019 aut
324 1958 359 2018 in
384 1957 566 2019 animorum
619 1959 740 2038 ficium,
777 1960 911 2023 alterum
941 1958 980 2021 ad
1005 1962 1127 2021 motum

60 2069 171 2151 aliqua
193 2067 392 2149 permotione
418 2071 477 2129 aut
498 2069 567 2151 gig·
621 2069 720 2131 animi
755 2069 806 2132 vel
835 2068 1035 2152 gignendum
1073 2067 1125 2131 vel

58 2177 168 2242 nenda
203 2181 259 2239 aut
285 2176 427 2239 sedanda
453 2177 568 2240 tollen·
620 2179 799 2241 sedandum
836 2179 973 2261 planeve
1011 2177 1126 2240 tollen-

61 2288 145 2349 dave
169 2335 176 2348 .
200 2333 207 2350 .
232 2285 261 2346 .“
623 2288 729 2353 dum.“
1046 2294 1050 2301 '

167 2393 269 2458 Tertio
305 2392 389 2473 locu,
429 2391 484 2456 ubi
520 2394 629 2460 Cicero
667 2395 774 2459 fusius
819 2399 851 2457 et
889 2393 1051 2476 copiosius
1086 2395 1126 2459 de
1156 2419 1158 2423 ’

62 2501 309 2587 quaestionibus
343 2502 480 2568 infinitis
516 2507 591 2589 egit,
626 2505 758 2570 eandem
794 2504 999 2586 partitionem
1034 2524 1129 2588 gene·

61 2613 174 2693 ratem,
199 2630 294 2694 quam
319 2613 434 2694 exiis,
459 2633 543 2696 quae
567 2613 772 2695 antecedunt,
795 2615 1017 2697 cognovimus,
1040 2615 1130 2678 adhi-

62 2723 145 2803 buit,
178 2721 353 2784 nonnuliaa
391 2725 499 2786 autem
533 2725 675 2806 partium
710 2725 873 2788 minorum
907 2724 1021 2804 partim
1054 2743 1130 2787 con-

61 2832 212 2910 traxisse,
235 2830 349 2912 partim
370 2834 625 2913 praetermisisse
648 2832 785 2896 videtur.
832 2832 894 2895 Sed
918 2833 1035 2913 optime
1059 2852 1129 2895 mu-

62 2941 202 3004 tationes
236 2939 312 3001 illae
347 2941 657 3022 animadvertentur,
689 2943 716 3003 si
745 2942 848 3024 ipsius
883 2939 982 3003 verba
1017 2941 1128 3006 eadent

64 3050 199 3129 ratione,
223 3068 289 3130 qua
313 3053 405 3112 antea
429 3050 481 3112 usi
505 3070 628 3133 sumus,
652 3048 864 3113 attulerimus.
911 3047 1047 3134 Scripsit
1069 3053 1128 3134 igi·

62 3166 120 3222 tur
136 3158 175 3222 de
194 3161 274 3241 part.
299 3177 344 3223 or.
364 3158 616 3241 18‚62-19,6r:
642 3155 873 3240 „Quamobrem
894 3160 983 3240 prius
1003 3160 1042 3223 de
1057 3179 1129 3243 pro·

63 3270 168 3353 posito
193 3268 358 3332 dicamus:
382 3269 476 3332 ouius
499 3286 617 3351 genera
633 3273 710 3331 sunt
734 3269 808 3344 duo,
834 3269 1028 3352 cognitionis
1052 3268 1130 3334 altc-

62 3398 152 3460 rum3
186 3380 257 3442 eius
281 3378 415 3441 scientia
439 3375 585 3442 est'finis
611 3426 617 3440 .
645 3426 652 3439 .
676 3424 683 3438 .
707 3377 843 3441 alterum
867 3379 1017 3459 actionis;
1043 3380 1130 3462 quod

62 3488 203 3551 refertur
218 3488 258 3551 ad
274 3485 480 3550 efficiendum
498 3487 598 3569 quid.
618 3535 627 3552 .
650 3534 659 3552 .
677 3485 806 3551 Rursus
821 3488 994 3571 superioris
1010 3506 1130 3572 genera

63 3598 142 3657 sunt
172 3596 247 3658 tria:
283 3597 326 3658 sit
358 3614 459 3660 necne
491 3598 541 3677 sit,
577 3596 656 3678 quid
688 3598 741 3676 sit,
776 3598 873 3681 quate
901 3598 950 3660 sit.
979 3597 1129 3671 ...aa

62 3704 216 3767 Actionis
233 3709 340 3769 autem
359 3705 422 3768 duo
438 3710 515 3769 sunt
531 3723 662 3788 genera:
679 3725 781 3770 unum
806 3706 847 3769 ad
869 3704 1129 3789 persequendum

65 3812 194 3894 aliquid
217 3819 274 3876 aut
261 3813 597 3880 tdeclinandum..
622 3816 698 3881 ‚alt
685 3820 800 3898 terum,
824 3813 911 3897 quod
935 3815 975 3878 ad
998 3816 1130 3898 aliquod

64 3921 271 3985 commodum
308 3943 471 4007 usumque
505 3925 676 3991 refertur.
700 3924 815 3988 6..4
869 3921 1077 3988 Rursust
1022 3930 1129 3989 autem

63 4048 107 4092 ex
131 4032 322 4114 cognitionis
340 4035 501 4100 consultat
456 4036 583 4116 tatione,
608 4035 674 4114 ubi,
699 4035 741 4098 sit
755 4052 858 4098 neone
882 4034 924 4098 sit
946 4038 1003 4098 aut
1025 4034 1124 4098 fuerit
