2618 4560
627 257 803 321 ...28-

179 433 413 517 posterioribus
438 433 476 496 de
499 433 541 496 iis
564 453 630 496 non
653 439 718 497 tarn
742 434 872 497 iliorum
895 434 1064 515 praecepta
1079 436 1256 514 repeteret,-

180 563 279 626 quam
303 542 469 625 quaesibi
493 544 555 625 ipsi
578 544 648 607 visa
671 547 755 623 sunt,
779 546 963 624 exponeret.
998 539 1152 606 Pluribus
1167 539 1249 628 locis

181 650 291 716 Cicero
315 655 547 716 controversias
570 653 603 715 in
628 651 692 714 duo
715 669 833 734 genera
856 652 992 734 partitus
1021 653 1076 731 est,
1106 640 1248 732 quorum

179 763 318 825 atterum
343 762 469 826 exsistit
497 781 539 826 ex
562 761 653 841 factu,
693 779 735 824 ex
765 761 883 842 scripto
911 759 1065 836 alterum,
1106 764 1138 820 et
1174 777 1250 823 curn

179 860 262 933 iliud
295 871 419 935 ratione
455 876 486 934 et
520 870 796 952 argumentatione
830 868 971 930 maxime
1007 870 1175 950 tractetur,
1215 869 1251 931 in

178 979 239 1041 hoc
276 979 510 1061 descriptione
540 979 648 1058 aliqua
684 976 914 1059 disputandum
942 981 1003 1054 est,
1042 981 1250 1059 quapropter,

181 1088 266 1151 sicut
314 1085 427 1150 Graeci
473 1086 629 1168 fecerunt,
670 1087 753 1150 illud
791 1105 894 1169 genus
939 1085 1095 1149 rationale
1143 1082 1252 1170 [γένος

179 1189 333 1282 temtor}
356 1196 417 1258 hoc
432 1214 537 1277 genus
556 1195 658 1279 legale
683 1192 784 1280 [γένος
805 1190 953 1281 νομικόν]
979 1194 1138 1277 appellare
1154 1194 1251 1259 nobis

181 1305 284 1369 liceat.

289 1413 332 1476 Et
354 1414 437 1476 hanc
451 1414 581 1496 quidem
605 1415 809 1497 partitionem
833 1416 974 1497 primum
997 1413 1186 1481 invenimus
1212 1413 1250 1477 de

180 1525 247 1588 inv.
272 1523 296 1602 I,
323 1525 373 1606 12,
399 1523 538 1602 11-13,
574 1523 628 1587 18;
665 1522 807 1606 „Deinde
830 1522 1098 1587 considerandum
1130 1525 1189 1602 est,
1209 1522 1253 1584 in

182 1633 306 1697 ratione
330 1653 371 1697 an
394 1635 429 1695 in
453 1635 572 1716 scripto
596 1635 638 1697 sit
661 1635 886 1698 controversia.
933 1631 1015 1695 Nam
1039 1632 1149 1713 scripti
1174 1649 1253 1695 con*

181 1745 337 1805 troversia
372 1746 420 1805 est
454 1760 500 1822 ea,
536 1757 617 1823 quae
653 1762 694 1806 ex
728 1745 910 1826 scriptionis
944 1760 1061 1826 genere
1097 1741 1252 1803 nascitur.

252 1853 302 1933 13,
325 1850 375 1917 18.
400 1849 493 1913 Ratio
518 1857 565 1914 est
589 1856 705 1929 autem,
729 1871 802 1914 cum
827 1851 932 1913 omnis
955 1851 1101 1933 quaestio
1125 1868 1195 1912 non
1218 1851 1252 1913 in

180 1961 371 2042 scriptione,
395 1960 507 2023 sedin
532 1962 641 2043 aliqua
664 1961 939 2043 argumentatione
963 1959 1144 2037 66661611ῒῇι
1169 1978 1254 2041 quae

184 2069 324 2132 breviter
346 2070 495 2151 repetivit
519 2070 558 2134 de
581 2071 648 2134 inv.
675 2069 700 2152 I,
724 2070 775 2149 30,
798 2068 850 2133 49.
897 2068 1003 2132 Etiam
1030 2070 1063 2131 in
1089 2069 1254 2150 „oratoro“

179 2180 416 2242 controversias
440 2180 553 2245 eadem
577 2181 700 2244 ratione
724 2181 848 2260 divisit3
872 2178 1009 2262 legimus
1033 2180 1121 2242 enim
1135 2197 1182 2241 or.
1199 2177 1252 2260 34,

186 2287 264 2350 121:
303 2288 390 2371 „Erit
421 2292 506 2354 enim
540 2293 570 2354 ei
597 2295 799 2375 perspectum
824 2289 906 2350 nihii
929 2288 1048 2370 ambigi
1070 2306 1176 2370 posse,
1213 2291 1249 2353 in

184 2417 250 2479 quo
274 2418 339 2460 non
363 2404 418 2461 aut
442 2419 492 2463 res
516 2402 765 2463 controversiam
787 2399 884 2460 faciat
907 2401 961 2460 aut
984 2398 1110 2463 verba.“
1146 2399 1252 2463 Anto-

184 2508 262 2568 nius
286 2525 362 2568 vero
385 2508 475 2570 illam
500 2508 760 2571 distributionem
784 2507 985 2589 improbavit,
1022 2526 1096 2571 cum
1124 2512 1254 2572 contro·

185 2616 326 2678 versiam
350 2634 392 2678 ex
416 2618 533 2700 scripto
557 2617 683 2697 tactam,
708 2617 731 2679 i.
755 2635 780 2678 e.
808 2635 913 2695 genus
939 2616 1051 2700 legate,
1079 2617 1108 2678 ei
1130 2617 1254 2704 generi,

184 2727 218 2788 in
243 2745 308 2808 quo
333 2726 428 2808 quale
451 2726 491 2789 sit
515 2725 740 2808 ambigeretur,
772 2726 793 2787 i.
819 2744 846 2791 e.
878 2726 962 2807 parti
993 2725 1120 2807 generis
1150 2727 1255 2790 ratio·

185 2836 268 2899 nalis
293 2835 469 2910 subiceret;
495 2836 554 2899 hoc
578 2836 754 2899 clarissime
770 2835 919 2917 exposuit
939 2833 977 2898 de
994 2853 1038 2899 or.
1051 2833 1094 2915 Ii,
1108 2833 1160 2915 26,
1172 2833 1253 2898 112:

186 2943 329 3026 „Iterum
354 2950 461 3009 autern
487 2950 630 3028 peccant,
655 2965 728 3009 cum
751 2963 854 3028 genus
877 2944 937 3007 hoc
960 2963 1142 3025 causarum,
1163 2945 1253 3026 quod

185 3055 221 3115 in
256 3056 368 3137 scripti
402 3056 662 3138 interpretatione
692 3060 846 3132 versatur,
885 3052 924 3115 ab
963 3052 1028 3117 illis
1067 3054 1182 3134 causis,
1219 3055 1266 3131 in,

186 3163 317 3246 quibus,
351 3165 457 3246 qualis
491 3183 639 3247 quaeque
671 3183 722 3226 res
746 3164 795 3241 sit,
830 3161 1036 3243 disceptatur,
1066 3163 1253 3245 seiungunt.

187 3271 357 3355 Nusquam
387 3275 472 3336 enim
506 3279 571 3335 tam
596 3274 774 3355 quaeritur,
805 3271 901 3354 quale
936 3273 976 3334 sit
1008 3290 1112 3354 genus
1144 3273 1253 3354 ipsum

186 3383 242 3460 rei,
279 3401 374 3464 quam
409 3384 442 3444 in
472 3383 599 3464 scriptu,
637 3381 722 3463 quod
750 3386 853 3444 totum
887 3403 905 3447 a
932 3381 1006 3446 facti
1035 3383 1254 3445 controversia

184 3496 369 3573 separatum
404 3492 479 3554 6611ι
534 3490 604 3554 Ηοο
632 3491 702 3554 loco
726 3495 834 3557 autem
859 3513 922 3557 non
947 3491 1174 3555 obliviscamur
1197 3510 1253 3554 ne-

186 3619 276 3664 cesse
308 3605 356 3663 est
390 3601 580 3680 Antonium,
611 3620 809 3686 quamquem
842 3622 907 3667 non
941 3620 1077 3686 semper,
1112 3605 1252 3665 attamen

186 3710 354 3791 permultis
377 3712 412 3773 in
439 3710 685 3791 quaestionibus
709 3734 728 3777 a
752 3713 903 3776 Cicerone
927 3712 1107 3778 dissedisse.

296 3819 365 3900 Sed,
403 3829 438 3883 ut
473 3820 513 3882 ad
550 3820 679 3902 singula
716 3828 927 3902 transeamus
962 3819 1071 3885 Cicero
1110 3822 1250 3904 primum

188 3925 401 3936 ..ξ-

191 3957 358 4026 Cornificius,
386 3976 456 4030 quae
482 3960 621 4016 docuerint
647 3961 681 4015 de
706 3959 844 4014 statibus‘*
880 3947 1040 4014 Dissertatio
1068 3958 1241 4028 inauguratis.

188 4048 249 4103 Kiel
271 4055 347 4108 1879.
