2618 4560
630 301 805 363 ..50-

188 483 367 545 alterumve
400 480 515 543 horum
543 497 698 562 generum
727 478 873 560 pertinet,
908 474 1013 540 dicere
1037 475 1134 557 volet,
1170 477 1251 543 locos

189 592 339 674 anquiret
361 591 578 671 inventosque·
602 588 755 670 disponet,
780 592 820 667 et,
848 591 885 648 ut
908 584 998 648 brevi
1022 584 1254 670 praecidamus,

189 701 254 765 illis
294 700 439 783 quinque
475 697 618 780 partibus
655 698 690 758 in
727 696 868 759 oratione
903 693 1104 758 conficienda
1139 701 1253 762 utetur.

190 807 275 889 Ergo
311 825 365 869 eas
400 827 463 870 non
504 807 657 869 materiae
690 804 882 884 tractandae,
916 804 972 868 sed
1006 805 1069 888 ipsi
1107 808 1255 871 materiae

190 919 381 998 tractationi,
416 918 437 979 i.
474 935 500 981 e.
536 915 640 978 officio
679 934 736 979 seu
775 915 903 978 muneri
939 915 1074 977 oratoris
1112 915 1256 981 subicere

191 1025 356 1088 debemus.

297 1135 349 1197 Ad
373 1135 466 1197 illum
491 1135 606 1215 locum,
640 1153 735 1216 quem
759 1133 936 1213 attulimus,
965 1134 1114 1214 proxime
1138 1136 1257 1200 accedit

192 1243 231 1306 de
256 1241 355 1315 or.II,
369 1244 420 1324 19,
434 1244 489 1306 aa:
514 1241 656 1324 „Deinde
681 1243 831 1334 quinque
848 1241 973 1305 faciunt
996 1244 1093 1324 quasi
1116 1244 1259 1309 membra

193 1354 404 1434 eloquentiae,
419 1354 565 1417 invenire
580 1353 658 1434 quid
682 1353 779 1432 dicas,
795 1352 925 1413 inventa
950 1350 1130 1433 disponere,
1146 1352 1259 1417 deinde

192 1481 306 1526 ornare
322 1462 520 1545 verbispost
544 1463 716 1525 memoriae
739 1460 903 1536 mandare,
917 1464 987 1522 tum
1011 1459 1052 1522 ad
1076 1465 1257 1526 extremum

192 1591 284 1653 agere
314 1593 349 1637 ac
373 1573 611 1654 pronuntiar·e.“
668 1570 710 1633 Et
744 1571 796 1632 hic
832 1567 963 1651 quidem
1000 1567 1108 1632 solum
1143 1588 1259 1636 nomen

192 1682 421 1761 „elocutionis“
446 1684 479 1743 in
505 1681 698 1744 vocabulum
724 1679 872 1760 „ernard‘
894 1683 1054 1741 mutatum
1078 1696 1151 1742 esse
1176 1680 1262 1744 vide·

193 1809 284 1868 mus3
322 1791 475 1852 maiorem
511 1795 620 1852 autem
645 1789 829 1851 varietatem
865 1788 899 1848 in
927 1785 1073 1868 partibus
1095 1788 1163 1851 illis
1189 1790 1262 1853 asfe-

193 1899 302 1962 rendis
325 1899 511 1960 invenimus
537 1898 575 1960 de
599 1918 642 1959 or.
666 1897 692 1975 I,
714 1895 765 1977 31,
791 1895 862 1977 142,
887 1894 942 1958 ubi
965 1896 1123 1982 legimus:
1149 1896 1263 1980 „Oum-

195 2025 258 2089 que
295 2012 378 2071 esset
413 2007 517 2070 omnis
553 2007 687 2069 oratoris
722 2006 771 2068 vis
807 2025 843 2068 ac
877 2005 1013 2067 facultas
1047 2007 1082 2068 in
1118 2010 1265 2092 quinque

194 2126 298 2200 partes
323 2116 503 2196 distributa,
537 2123 572 2179 ut
601 2114 729 2178 deberet
756 2117 895 2197 reperire
919 2117 1070 2197 primunr,
1104 2118 1186 2199 quid
1222 2119 1266 2181 di·

194 2236 293 2307 caret,
319 2226 432 2290 deinde
456 2229 588 2290 inventa
619 2246 683 2288 non
714 2227 820 2289 solum
849 2224 970 2304 ordine,
994 2224 1050 2288 sed
1074 2226 1176 2289 etiam
1203 2247 1265 2291 mo·

195 2344 301 2401 mento
332 2338 471 2420 quodam
507 2342 603 2418 atque
638 2337 757 2399 iudicio
793 2335 979 2417 dispensare
1012 2338 1110 2416 atque
1135 2354 1265 2420 compo·

195 2468 290 2529 nere,
326 2454 396 2509 tum
431 2466 468 2508 ea
503 2447 641 2527 denique
674 2447 790 2508 vestire
826 2450 922 2525 atque
956 2462 1070 2507 ornare
1102 2446 1263 2526 orationc3

195 2563 266 2638 post
290 2557 443 2617 memoria
468 2556 605 2636 saepire3
642 2554 682 2615 ad
717 2562 899 2616 extromum
932 2572 1026 2636 agere
1056 2572 1133 2617 cum
1158 2555 1267 2640 digni·

196 2671 260 2727 tate
289 2683 325 2726 ao
349 2665 548 2727 venustate.“
608 2664 691 2725 Aliis
728 2661 834 2725 verbis
869 2663 995 2727 easdem
1025 2667 1130 2746 partes
1164 2665 1266 2746 signi·

195 2775 303 2837 ficarit
327 2780 436 2837 noster
459 2775 552 2837 etiam
578 2773 616 2836 de
641 2792 685 2836 or.
711 2771 736 2852 l,
762 2770 812 2852 15,
838 2773 888 2854 64,
916 2792 990 2835 oum
1023 2792 1096 2836 eum
1130 2777 1268 2840 oratoris

197 2886 327 2947 nomine
352 2885 488 2967 dignum
523 2902 592 2947 esse
628 2884 755 2964 diceret,
791 2884 846 2964 qui
882 2882 1077 2964 „prudenter
1111 2889 1143 2947 et
1178 2904 1267 2949 oom-

196 2995 299 3075 posite
323 2999 354 3055 et
377 2999 489 3056 ornate
513 3001 545 3056 et
569 2996 752 3057 memoriter
773 2993 856 3055 dicct
872 3012 946 3054 cum
965 2991 1104 3073 quadam
1129 2995 1265 3059 actionis

196 3104 292 3165 otiam
316 3102 502 3183 dignitate.“

304 3211 406 3275 Sicuti
428 3211 507 3272 locis
537 3209 641 3272 adhuc
670 3211 774 3273 citatis
799 3211 937 3292 partium
967 3213 1098 3272 nomina
1121 3213 1208 3275 inter
1230 3230 1265 3277 se

198 3321 358 3399 differunt,
391 3322 435 3382 ita
470 3320 532 3382 loci
568 3318 699 3401 quidam
735 3326 854 3398 extant,
894 3319 1011 3402 quibus
1051 3321 1145 3382 etiam
1187 3322 1264 3387 ordo

197 3449 311 3493 earum
334 3431 436 3491 variat
449 3428 488 3491 ab
513 3446 615 3510 eoque
640 3429 807 3512 discrepat,
825 3449 888 3512 quo
909 3449 968 3491 nos
988 3432 1261 3495 enumerationem

199 3561 218 3603 a
242 3537 394 3602 Cicerone
418 3539 456 3600 de
480 3539 544 3599 inv.
568 3536 593 3617 Ι,
618 3537 646 3618 l,
665 3539 690 3600 ,9
714 3545 745 3600 et
769 3559 787 3601 a
811 3537 980 3601 Cornificio
1003 3538 1029 3620 Ι,
1047 3539 1075 3618 2,
1097 3540 1115 3600 3
1139 3539 1260 3603 adhibi·

198 3654 265 3711 tam
289 3649 389 3712 secuti
413 3648 604 3730 plerumque
628 3648 761 3712 utimur.
820 3646 871 3710 Sic
908 3647 946 3708 de
982 3666 1024 3709 or.
1048 3646 1073 3726 I,
1110 3650 1161 3727 42,
1201 3649 1259 3712 let

200 3757 351 3820 Crassum
375 3758 506 3821 induxit
529 3757 606 3818 haec
632 3755 729 3818 verba
751 3757 934 3819 facientem:
959 3758 1015 3838 „in
1039 3756 1099 3819 hac
1124 3759 1260 3841 denique

200 3868 269 3948 ipsa
292 3868 415 3930 ratione
451 3866 578 3929 dicendi
615 3866 807 3948 excogitare,
837 3884 959 3942 ornare,
989 3865 1167 3948 disponere,
1196 3888 1261 3931 me·

200 3977 341 4057 minisse,
372 3996 466 4060 agere
500 3979 610 4057 ignota
642 3974 805 4056 quondam
835 3974 984 4038 omnibus
1008 3979 1039 4037 et
1063 3975 1177 4040 diffusa
1200 3977 1261 4040 lato

201 4085 422 4150 videbantur·.“
