2618 4560
509 235 684 298 ..11-

65 410 263 492 propositum
288 428 462 491 possumus
486 413 661 476 nominare.
719 414 769 475 80.
804 412 908 477 Causa
939 413 1034 476 certis
1061 431 1132 496 per·

67 521 165 599 sonis,
188 520 276 600 locis,
300 520 508 604 temporibus
531 521 721 604 actionibus,
748 523 887 608 ‚negotiis
911 523 1053 586 cernitur
1076 527 1132 585 aut

65 628 99 690 in
125 628 278 692 omnibus
302 634 357 693 aut
380 631 413 693 in
436 630 600 712 plerisque
629 649 759 711 eorum3
792 632 990 714 propositum
1023 635 1132 694 autem

65 739 100 800 in
124 735 235 820 aliquo
259 757 371 802 eorum
395 741 506 803 autin
530 739 760 822 pluribusnec
779 745 885 804 tamen
909 741 942 801 in
963 741 1129 811 maximis.

67 849 180 930 Itaque
203 849 403 931 propositum
427 867 501 931 pars
525 854 573 911 cst
596 867 721 915 causae.
768 848 830 912 Sed
855 849 960 912 omnis
985 851 1136 931 quaestio·
1193 832 1196 838 ⁵

67 976 179 1020 eorum
203 957 311 1038 aliqua
335 957 373 1019 de
397 974 431 1020 re
455 962 510 1039 est,
535 956 653 1040 quibus
678 976 793 1021 causae
826 959 1043 1038 continentur,
1076 961 1133 1020 aut

69 1085 134 1129 una
158 1070 213 1129 aut
235 1064 383 1148 pluribus
407 1070 462 1129 aut
486 1061 720 1150 nonnunquam
746 1065 924 1129 omnibus“

175 1175 254 1255 Iam,
279 1175 306 1238 si
329 1176 520 1258 respicimus
544 1174 585 1238 ad
609 1194 655 1256 ea,
677 1194 757 1258 quae
781 1176 885 1241 adhuc
910 1175 948 1238 de
972 1177 1133 1258 quaestio·

70 1284 167 1348 nibus
192 1285 333 1347 diximus
358 1301 458 1366 eaque
482 1284 622 1348 breviter
644 1286 954 1368 comprehendimus,
983 1286 1062 1349 haec
1084 1287 1131 1348 in·
1178 1303 1182 1307 ’

70 1395 233 1458 venimus:
268 1393 308 1456 In
335 1392 427 1457 libris
456 1393 514 1474 „de
537 1395 742 1458 inventione“
768 1393 877 1457 Cicero
902 1393 1134 1478 Hermagoram

68 1504 280 1586 reprehendit,
318 1504 394 1586 quia
428 1504 595 1567 materiam
630 1505 707 1568 artis
738 1504 914 1569 rhetoricae
945 1505 980 1566 in
1003 1524 1134 1568 causam

70 1618 101 1676 ct
132 1614 167 1675 in
196 1613 416 1696 quaestionem
447 1613 565 1694 divisit,
597 1619 628 1676 et
662 1615 730 1696 ipse
763 1613 979 1695 eloquentiam
1014 1614 1049 1675 in
1084 1614 1136 1676 his

70 1721 175 1785 tribus
198 1721 373 1804 generibus
397 1724 520 1785 versari
543 1722 717 1786 arbitratus
741 1727 802 1787 est:
820 1723 854 1784 iu
871 1740 988 1805 genere
1006 1723 1135 1785 demon-

71 1832 214 1913 strativo,
249 1831 467 1913 deliberativo,
499 1831 656 1901 iudiciali.
717 1829 758 1894 In
788 1830 879 1894 libris
911 1831 972 1911 „de
997 1831 1140 1895 oratore‘

71 1945 179 2005 autem
206 1940 341 2005 Crassus
364 1945 396 2004 et
419 1941 585 2005 Antonius
607 1942 692 2006 inter
712 1960 746 2005 se
769 1946 929 2024 pugnant3
960 1961 1033 2004 nam
1059 1941 1138 2004 alter

70 2049 111 2112 ad
135 2049 353 2134 Hermagorae
376 2051 568 2114 sententiam
592 2053 736 2133 accessit,
756 2051 837 2115 alter
859 2050 945 2113 haud
969 2052 1139 2114 immemor
1209 2107 1211 2110 Α

71 2178 194 2240 eorum,
230 2179 313 2242 quae
346 2164 455 2223 noster
487 2161 522 2222 in
556 2159 648 2224 libris
683 2160 740 2242 „de
772 2160 976 2224 inventione‘
1001 2162 1139 2242 scripsit,

71 2269 276 2351 partitionem
311 2270 462 2334 materiae
496 2271 531 2331 in
564 2272 767 2352 quaestiones
799 2269 941 2332 infinitas
972 2273 1003 2331 et
1029 2267 1138 2331 finitas

71 2375 218 2461 reiecit¹)
275 2378 314 2441 In
349 2379 487 2461 reliquis
521 2379 662 2462 denique
697 2379 789 2443 libris
823 2378 990 2442 rhetoricis
1027 2376 1137 2441 Cicero

71 2486 306 2571 Hermagoram
334 2492 464 2552 secutus
497 2494 545 2553 est
577 2491 808 2572 materiamque
841 2489 926 2569 artis,
962 2489 1046 2551 sicut
1076 2488 1138 2569 ille,
1209 2530 1217 2547 .

72 2596 238 2660 distribuit
259 2598 293 2659 in
319 2599 523 2680 quaestiones
546 2599 688 2664 infinitas
720 2625 761 2653 =
797 2599 918 2677 θέσεις,
954 2617 1033 2681 quas
1067 2602 1134 2661 tum

71 2706 261 2789 simpliciter
271 2707 532 2788 ‚,quaesticnem“
550 2727 608 2772 seu
632 2706 944 2791 ‚,consultaticnem“,
961 2714 1031 2768 tum
1048 2725 1140 2787 „pro-

70 2816 231 2900 positum‘
255 2835 312 2881 seu
346 2817 558 2898 „propositam
588 2815 874 2879 consultationem‘
898 2814 1078 2896 appellavit,
1108 2818 1140 2876 et

72 2929 107 2989 in
142 2927 345 3009 quaestiones
379 2925 488 2990 finitas
520 2951 560 2981 z:
585 2917 773 3005 ὑποθέσεις,
809 2941 891 3006 quae
923 2923 962 2985 ab
996 2941 1031 2985 eo
1067 2921 1140 2984 aliis

74 3035 155 3098 locis
192 3035 336 3117 „causa“,
378 3036 449 3098 aliis
491 3033 743 3116 „controversia‘
780 3038 951 3115 vocantur3
999 3051 1140 3115 cumque
1186 3063 1188 3066 ·

74 3146 279 3227 quaestiones
309 3145 452 3209 infinitas
483 3146 517 3206 iu
549 3143 612 3206 duo
640 3162 760 3226 genera
784 3141 1001 3206 distribueret:
1035 3161 1139 3205 unum

74 3255 280 3336 cognitionis,
312 3255 449 3318 alterum
486 3253 630 3336 actionis,
666 3251 911 3336 quaestionibus
944 3250 1044 3314 finitis
1079 3251 1141 3313 tria

183 3481 209 3552 1)
238 3481 402 3549 Repetamus
432 3481 483 3536 hoc
511 3482 577 3552 loco,
606 3497 673 3551 quae
701 3481 755 3534 iam
784 3495 866 3549 supra
897 3480 932 3549 [p.
961 3480 988 3550 9]
1026 3494 1142 3534 comme-

72 3572 251 3627 moravimus:
269 3573 360 3627 Cicero
378 3573 407 3626 in
425 3572 501 3627 libris
520 3574 571 3640 „ds
584 3576 705 3628 oratore“
720 3571 842 3647 Crassum
862 3570 928 3626 fecit
946 3587 978 3626 ea
996 3570 1138 3635 dicentem,

74 3680 143 3733 quae
161 3665 219 3734 ipse
238 3664 394 3720 adulescens
413 3663 457 3718 vel
477 3681 557 3718 senex
582 3665 665 3720 sensit
688 3680 812 3733 quaeque
835 3679 902 3733 puer
922 3663 965 3716 vel
988 3661 1142 3716 adulescen-

73 3755 150 3810 tulus
169 3755 275 3826 saepius
293 3755 509 3824 reprehenderat,
555 3757 728 3825 Quapropter,
758 3760 787 3809 ut
806 3755 834 3808 in
853 3755 913 3808 aliis
932 3751 1142 3824 quaestiouibus,

74 3844 113 3903 ita
143 3847 171 3902 ln
200 3849 251 3903 hac
280 3863 385 3917 quoque
413 3848 539 3903 materiae
568 3849 711 3917 partitione
739 3847 830 3903 Cicero
859 3863 942 3902 senex
965 3861 1025 3900 curn
1046 3842 1141 3899 Crasso

75 3941 290 4008 sarmasiacum
303 3939 435 3994 Antonius
453 3955 485 3994 ea
504 3939 652 4008 explicaret,
672 3955 739 4008 quac
757 3942 847 3994 noster
866 3940 894 3994 in
912 3934 989 3992 libris
1002 3938 1052 4005 „de
1065 3935 1139 3989 inv.“

73 4031 126 4087 hac
145 4033 178 4087 de
196 4048 225 4088 re
243 4031 394 4102 scripserat.
