2686 4560
644 227 828 311 fra-

559 403 590 467 2.
614 402 666 468 De
690 406 925 468 narratione.

318 532 475 614 Narratio,
510 551 592 615 quae
627 531 692 597 fuit
720 535 818 598 altera
853 534 994 616 partium
1032 533 1194 615 orationis
1228 539 1276 598 est

212 662 254 707 ex
290 641 454 705 Ciceronis
486 640 671 706 definitione
720 639 772 729 [de
811 644 879 706 inv,
923 643 953 721 I,
995 639 1106 727 1937]
1147 661 1275 723 „rerum

213 757 379 835 gestarum
414 756 469 815 aut
503 756 537 814 ut
559 757 722 835 gestarum
756 753 943 835 expositio“.
989 750 1146 815 Pluribus
1169 751 1277 815 verbis

216 880 287 924 earn
324 862 598 944 circumscriptam
635 860 783 924 videmus
819 861 857 924 de
892 864 969 943 part.
1006 880 1049 924 or.
1085 861 1176 942 9‚31,
1216 861 1277 923 hoc

212 971 326 1033 modo:
353 1019 381 1050 „.
407 971 612 1046 ..narratio
640 976 689 1033 est
706 961 828 1033 ‘rerum
853 971 1026 1053 explicatio
1059 974 1090 1032 et
1119 969 1279 1052 quaedam

216 1081 310 1162 quasi
334 1078 426 1141 sedes
459 1084 491 1141 ct
512 1078 759 1142 fundamentum
784 1077 1031 1142 constituendae
1053 1078 1164 1159 fidei;“
1189 1079 1280 1143 unde

215 1193 354 1272 apparet,
380 1192 533 1270 quantam
557 1190 586 1252 ei
611 1187 719 1251 Cicero
743 1189 936 1270 gravitatem
962 1186 1151 1251 attribuerit.

319 1286 529 1360 Narrationes
553 1295 664 1359 divisit
688 1296 726 1360 de
749 1299 814 1361 inv.
840 1296 864 1377 I,
891 1297 984 1378 luat
1009 1298 1043 1360 in
1068 1296 1128 1357 tria
1143 1313 1280 1376 genera:

213 1426 337 1488 „unum
362 1406 436 1487 estc
461 1405 577 1487 inquit,
601 1405 651 1485 „in
685 1424 748 1489 quo
779 1406 848 1489 ipsa
876 1426 974 1470 causa
1003 1411 1035 1470 et
1062 1405 1166 1467 omnis
1194 1405 1281 1467 ratio

213 1506 452 1580 controversiae
468 1516 663 1594 continetur,
682 1516 827 1595 alterum,
851 1516 885 1578 in
907 1535 971 1598 quo
995 1514 1150 1598 digressio
1168 1513 1282 1596 aliqua

213 1631 305 1689 extra
338 1642 467 1687 causam
501 1625 732 1710 interponitur3
765 1626 894 1688 tertium
918 1644 1022 1708 genus
1046 1628 1093 1688 est
1115 1627 1280 1687 remotum

214 1756 232 1799 a
257 1734 408 1798 civilibus
432 1734 568 1796 causis.“
615 1731 677 1796 Sed
701 1735 793 1797 illum
811 1734 955 1797 ordinem
980 1735 1012 1796 in
1030 1737 1281 1819 pertractatione

213 1863 369 1927 generum
393 1860 459 1903 non
483 1843 636 1921 servavit,
661 1845 753 1925 prius
777 1849 887 1906 contra
909 1862 1012 1925 genus
1036 1844 1166 1906 tertium
1190 1844 1281 1907 eius·

217 1973 280 2036 que
304 1956 409 2035 partes
434 1956 465 2014 et
487 1952 661 2034 particulas
685 1954 843 2034 exposuit,
869 1953 984 2016 deinde
1007 1963 1111 2035 genus
1135 1953 1282 2035 primum

214 2063 389 2145 descripsit.

303 2170 477 2236 Distribuit
507 2172 607 2254 igitur
629 2171 689 2234 hoc
712 2173 841 2235 tertium
869 2190 973 2254 genus
996 2173 1030 2233 in
1056 2171 1136 2234 duas
1159 2175 1281 2254 partes,

214 2302 371 2365 „quarum
398 2281 498 2345 altera
530 2282 564 2342 in
588 2282 735 2362 negotiis,
771 2282 869 2344 altera
903 2282 937 2342 in
961 2282 1107 2363 personis
1134 2281 1282 2344 maxime

214 2393 378 2455 versatur‘
403 2395 443 2467 et,
479 2410 553 2453 cum
581 2390 629 2452 illi
653 2388 803 2471 tabulam,
838 2391 1013 2469 historiam,
1048 2395 1281 2472 argumentum

214 2497 385 2576 subiceret,
420 2499 454 2561 in
489 2500 548 2561 hac
583 2499 682 2561 simul
716 2518 790 2562 cum
824 2499 922 2563 rebus
954 2501 1033 2583 ipsis
1065 2517 1281 2581 personarum

214 2625 378 2670 sermones
414 2614 444 2671 et
468 2609 593 2672 animos
617 2608 753 2690 perspici
783 2627 877 2690 posse
901 2608 1012 2672 voluit.
1069 2607 1107 2670 In
1131 2613 1283 2672 extrema

214 2722 321 2779 autem
355 2717 454 2802 huius
488 2720 614 2801 generis
649 2717 861 2800 explicatione
894 2720 1078 2802 postulavit,
1111 2722 1147 2781 ut
1176 2737 1281 2799 quam

213 2828 355 2889 maxima
378 2827 534 2891 festivitas
558 2830 592 2891 in
616 2846 653 2891 ec
677 2824 893 2908 adhiberetur,
917 2827 1078 2907 „confecta
1101 2846 1143 2891 ex
1166 2846 1282 2892 rerum

215 2937 376 3017 varietate,
410 2938 592 3000 animorum
629 2937 904 3016 dissimilitudine,
939 2937 1103 3018 gravitate,
1137 2936 1282 3019 levitate,

214 3061 278 3124 spe,
302 3050 401 3119 metu,
434 3047 620 3128 suspitione,
657 3046 823 3126 desiderio,
860 3046 1124 3127 dissimulatione,
1159 3065 1284 3129 errore,

216 3154 445 3236 misericordia,
480 3155 628 3218 fortunae
663 3158 924 3237 commutatione,
956 3153 1119 3238 insperato
1153 3157 1284 3220 incom-

215 3262 318 3343 modo,
343 3264 451 3326 subita
474 3265 604 3345 laetitia,
633 3265 777 3328 iucundo
801 3267 892 3329 exitu
915 3264 1050 3329 rerum.“

319 3370 400 3433 Tum
426 3372 465 3436 de
489 3375 680 3456 narratione,
706 3394 787 3457 quae
811 3395 941 3438 causam
967 3377 1176 3439 strationem
1201 3393 1284 3439 con-

213 3481 390 3544 troversiae
414 3488 597 3566 exponeret,
623 3490 792 3569 praecepta
817 3486 904 3548 dedit
927 3492 958 3548 et
982 3486 1021 3548 de
1044 3485 1110 3547 inv.
1128 3484 1153 3563 I,
1179 3484 1282 3567 20,28

214 3591 399 3672 postulavit,
423 3599 458 3655 ut
481 3611 518 3656 ea
543 3592 659 3676 brevis,
683 3600 802 3677 aperta,
825 3593 1027 3679 probabilis¹)
1050 3598 1142 3657 esset.

323 3840 348 3907 1)
368 3841 415 3900 cfr,
435 3858 474 3896 or.
494 3846 603 3910 35,122;
634 3843 666 3895 dc
685 3843 753 3908 part.
773 3858 810 3899 or.
830 3847 900 3912 5,15.
938 3843 1072 3908 Quoniam
1090 3843 1150 3910 loci,
1179 3843 1228 3912 qui
1249 3847 1283 3900 dc

213 3929 267 3983 inv.
281 3930 302 3996 I,
321 3936 515 4002 acas-2129
527 3935 683 4004 sequuntur,
704 3932 805 4001 optime
824 3933 1002 4004 facillimeque
1023 3951 1055 3989 ex
1074 3935 1133 4004 ipso
1151 3933 1283 3992 Cicerone

214 4027 418 4089 cognoscuntur,
437 4040 482 4078 eos
501 4024 599 4078 referre
618 4042 672 4078 non
691 4025 791 4094 placet3
810 4027 878 4080 illud
898 4044 961 4081 vero
975 4027 1053 4095 plane
1072 4028 1180 4082 silentio
1199 4043 1283 4097 pree·
