2618 4560
627 260 804 321 ..72-

186 441 405 503 insinuatione
441 438 479 500 de
515 438 620 501 medio
654 456 821 500 removere
857 455 1056 518 causamque
1088 437 1128 498 ad
1157 457 1247 501 suam

187 549 357 611 utilitatem
382 551 567 610 convertere
592 551 742 625 conatur,
781 545 877 629 quod,
907 565 972 627 qua
995 546 1118 608 ratione
1142 546 1251 629 perlici

187 658 297 740 possit,
320 657 480 739 copiosius
504 655 543 719 de
565 656 631 734 inv..
655 657 680 737 I,
707 656 756 736 17,
772 655 901 717 24-25
926 655 1123 737 explicatum
1148 666 1207 721 est.

294 765 338 828 At
382 766 416 828 in
462 764 553 828 libris
598 765 828 849 posterioribus
865 761 1018 846 principii
1065 770 1163 847 atque
1205 767 1250 828 in-

188 875 380 938 sinuationis
427 875 599 937 discrimen
642 894 803 957 nusquam
845 874 1025 956 reperimus
1069 874 1104 936 in
1137 852 1249 956 ¹iisque

188 983 298 1046 Cicero
323 1002 448 1066 semper
470 983 628 1046 vocabulo
652 983 857 1066 „principio“,
882 1000 1080 1064 quocunque
1103 983 1174 1046 loco
1198 1002 1249 1046 ex-

188 1097 261 1171 stat,
283 1112 341 1174 pro
367 1093 498 1155 exordio
522 1094 676 1156 universo
699 1113 779 1156 usus
803 1096 860 1173 est,
887 1091 920 1153 id
946 1091 1032 1174 quod
1056 1092 1176 1174 optime
1200 1093 1249 1154 de·

188 1205 345 1264 monstrat
368 1201 407 1263 de
420 1221 464 1266 or.
478 1202 503 1282 I,
520 1203 572 1282 48,
585 1203 660 1283 209,
683 1201 740 1264 ubi
759 1201 925 1289 ,Antonius
949 1202 981 1262 in
1008 1201 1250 1284 „principio“

190 1313 382 1393 cuiusque
413 1311 637 1394 disputationis
669 1310 908 1392 explanandum
935 1328 1004 1372 esse
1029 1310 1120 1391 dixit,
1156 1311 1250 1393 „quid

189 1420 270 1483 illud
306 1424 396 1500 esset,
435 1420 474 1482 de
509 1438 573 1501 quo
610 1419 854 1502 disputaretur.“
902 1416 1116 1492 Quamobrem
1143 1439 1252 1483 omnes

188 1531 260 1611 loci,
298 1549 379 1612 quos
401 1530 435 1591 in
458 1529 524 1591 illis
546 1528 703 1612 principio
728 1528 875 1609 subiecit,
911 1529 950 1590 ad
973 1523 1155 1609 exordium,
1190 1549 1251 1593 non

191 1639 230 1701 ad
268 1643 388 1722 partem
426 1639 494 1700 eius
529 1638 724 1719 singularem
753 1639 926 1721 pertinent,
963 1639 1112 1721 quamvis
1137 1659 1253 1721 magna

192 1753 347 1830 exparte
372 1766 447 1810 cum
469 1747 510 1810 iis
535 1749 750 1827 consentiunt,
776 1749 832 1830 qui
856 1748 1071 1810 inveniuntur
1092 1749 1128 1810 in
1152 1750 1254 1831 primo

153 1862 157 1868 '
189 1855 347 1918 librorum
383 1856 440 1935 „de
474 1857 681 1919 inventione“
716 1855 776 1918 sub
801 1857 967 1938 principio.
1013 1855 1066 1919 Sic
1090 1858 1255 1920 Antonius

191 1965 229 2027 de
254 1983 298 2026 or.
315 1964 356 2044 ΙΙ,
383 1965 432 2045 79,
447 1966 621 2027 321-323
646 1965 686 2027 ed
710 1963 967 2028 benevolentiam
990 1965 1177 2037 auditorum
1203 1987 1253 2029 ca·

191 2071 339 2154 piendam
364 2076 537 2138 sententias
561 2078 637 2156 „aut
661 2092 703 2138 ex
725 2093 789 2155 ree,
824 2079 879 2137 aut
903 2094 944 2137 ex
968 2076 1164 2156 adversario,
1201 2080 1256 2138 aut

191 2201 234 2244 ex
256 2201 299 2263 re,
323 2187 380 2245 aut
403 2203 444 2248 ex
467 2186 515 2264 iis,
541 2184 628 2267 apud
653 2203 736 2267 quos
760 2185 891 2267 agetur“
915 2184 1080 2247 ducendas
1103 2202 1176 2248 esse
1201 2184 1255 2247 do-

191 2294 272 2371 cuit3
306 2297 443 2356 attentos
468 2300 577 2358 autem
602 2298 633 2357 et
657 2293 776 2356 dociles
800 2293 972 2373 auditores
996 2299 1032 2355 ut
1054 2294 1198 2356 maxime
1221 2295 1254 2355 in

190 2404 367 2485 principiis,
402 2405 447 2465 ita
482 2404 517 2464 in
544 2403 681 2485 reliquis
706 2421 839 2484 quoque
863 2404 1016 2465 orationis
1040 2400 1187 2485 partibus
1211 2403 1255 2464 f-

191 2511 323 2574 oiendos
347 2530 416 2574 esse
439 2516 526 2574 recte
549 2512 714 2574 iudicavit.
763 2509 902 2593 Depart.
927 2532 972 2577 or.
991 2516 1018 2593 8,
1034 2512 1166 2574 28-30
1180 2531 1255 2575 vero
1281 2528 1295 2533 “

193 2619 303 2682 Cicero
326 2621 484 2702 principia
515 2625 571 2682 aut
594 2639 636 2683 ex
659 2622 806 2702 personis
830 2627 887 2684 aut
910 2640 952 2684 ex
975 2621 1072 2685 rebus
1098 2621 1257 2684 sumenda

193 2716 270 2792 esse
290 2728 385 2810 dixit,
417 2747 459 2790 ex
482 2731 628 2811 personis
652 2734 757 2793 autem
784 2736 840 2793 aut
863 2734 1000 2812 „nostris
1025 2735 1080 2794 aut
1104 2731 1259 2816 discepte-

193 2845 299 2902 torum
325 2845 381 2902 aut
408 2838 694 2921 adversariorum“,
719 2847 754 2902 ut
778 2842 880 2904 amice
903 2841 1083 2921 audiamur,
1098 2858 1139 2902 ex
1152 2840 1257 2921 rebus,

192 2954 229 3011 ut
253 2954 391 3012 attentos
414 2949 569 3012 faciamus
592 2951 757 3014 auditores
779 2967 899 3031 eosque
923 2948 1107 3013 doceamus,

302 3057 382 3120 Cum
406 3065 585 3140 praecepta,
609 3060 648 3122 de
673 3058 791 3142 quibus
808 3059 913 3120 adhuc
938 3057 1089 3140 diximuS,
1112 3056 1152 3120 ad
1169 3058 1259 3120 audi·

192 3172 278 3232 tores
313 3166 495 3248 benevolos,
531 3172 680 3250 attentos,
715 3168 834 3231 dociles
868 3165 1084 3229 conficiendos
1120 3169 1258 3248 valeant,

193 3278 328 3340 aliorum
351 3275 426 3339 finis
449 3277 550 3339 multo
573 3279 676 3360 magis
700 3277 739 3339 ad
765 3280 956 3339 universum
978 3280 1108 3358 spectat.
1156 3274 1259 3340 Debet

194 3388 280 3449 enim
316 3385 486 3449 exordium
520 3388 720 3469 gravissimis
757 3387 924 3450 sententiis
959 3386 1154 3447 instructum
1190 3403 1258 3448 esse

193 3497 377 3578 omniaque,
418 3515 499 3578 quae
541 3496 582 3558 ad
618 3496 807 3577 dignitatem
840 3496 1011 3578 pertinent,
1046 3491 1256 3579 continere¹);

194 3625 294 3688 quare
318 3608 426 3668 orator
448 3607 481 3667 in
506 3624 543 3668 eo
566 3625 631 3667 non
656 3603 763 3668 verbis
788 3605 879 3667 elatis
910 3603 950 3665 ad
973 3603 1183 3667 offensionem
1206 3605 1259 3667 ad·

193 3716 338 3793 versarii,
358 3716 413 3780 sed
434 3717 515 3799 aptis
531 3716 569 3778 ad
587 3714 893 3777 commendationem
907 3715 958 3777 sui
969 3718 1078 3775 utatur
1094 3707 1259 3794 oporter32)

195 3825 376 3906 splendoris
400 3830 432 3889 et
454 3826 636 3889 festivitatis
660 3829 691 3886 et
715 3822 988 3886 concinnitudinis
1011 3822 1184 3884 minimum
1208 3821 1258 3884 ad·

302 3982 326 4039 1)
347 3978 379 4029 de
397 3976 454 4028 inv,
474 3975 495 4040 I,
517 3976 603 4043 1835.
624 3973 656 4026 de
675 3988 711 4027 or.
731 3970 768 4037 II,
788 3971 893 4039 77315.
913 3986 949 4025 or.
970 3971 1075 4035 36,124.

303 4068 330 4138 2)
349 4084 385 4124 or,
404 4071 510 4132 36,124.
