2618 4560
647 255 823 316 -15-

201 428 389 493 futurumve
417 429 467 509 sit,
502 431 678 512 quaeritur,
712 451 816 494 unum
845 451 950 514 genus
979 437 1026 494 est
1057 436 1272 517 quaestionis,

202 539 344 619 possitne
361 538 486 620 aliquid
503 538 587 602 effici
610 587 618 601 .
642 590 650 604 .
678 589 685 602 .
709 541 856 620 alterum,
880 539 1156 621 quemadmodum
1174 543 1272 624 quid-

202 644 345 728 quatiat
368 694 376 708 .
402 694 409 709 .
433 699 440 711 .
468 649 574 725 19‚65.
621 649 714 713 Illius
737 657 846 713 autem
868 649 1005 732 generis,
1026 650 1059 710 iu
1085 669 1163 731 quo,
1188 653 1270 733 quid

201 757 242 818 sit
265 757 307 837 id,
323 756 362 820 de
379 776 443 838 quo
460 760 575 840 agitur,
588 761 764 840 quaeritur,
780 761 846 823 duo
866 762 944 821 sunt
960 776 1093 840 genera3
1123 779 1268 840 quorum

200 867 233 928 in
265 866 365 930 altero
395 866 626 949 disputandum
655 873 713 949 est,
748 870 835 932 aliud
870 887 913 929 an
943 866 1026 930 idem
1053 868 1095 929 sit
1130 873 1268 934 ...in

201 975 301 1037 altero
325 979 433 1037 autem
470 976 642 1060 descriptio
665 980 793 1060 generis
817 977 956 1042 alicuius
991 982 1023 1038 et
1042 979 1134 1058 quasi
1159 979 1269 1062 imago

200 1089 248 1146 est
276 1082 487 1166 exprimenda
516 1132 523 1146 .
549 1133 557 1147 .
583 1132 590 1146 .
616 1085 668 1150 66.
715 1086 820 1150 Tertio
855 1096 962 1149 autem
997 1087 1032 1147 in
1068 1105 1200 1169 genere,
1231 1092 1267 1151 in

201 1211 274 1275 quc,
300 1193 394 1274 66616
417 1193 466 1272 611,
500 1195 675 1274 quaeritur,
698 1199 754 1257 aut
777 1195 818 1258 de
841 1197 1005 1258 honestate
1029 1201 1085 1257 aut
1114 1196 1154 1258 de
1179 1199 1266 1260 utili-

201 1307 264 1365 tate
288 1306 345 1364 aut
379 1301 418 1364 de
447 1303 607 1384 aequitate
634 1304 808 1367 dicendum
837 1311 947 1367 est..
973 1352 981 1368 .
1006 1305 1113 1385 Atque
1140 1306 1176 1367 in
1204 1307 1266 1370 hoo

201 1412 312 1474 eodem
328 1429 454 1493 genere,
477 1412 511 1473 in
531 1431 605 1494 quo,
631 1414 726 1496 quale
742 1416 783 1477 sit
807 1415 980 1496 quaeritur,
1004 1415 1152 1476 exoritur
1176 1416 1266 1480 atiud

202 1520 361 1603 quoddam
380 1521 565 1604 disputandi
588 1542 701 1606 genus.
748 1523 820 1586 Non
845 1524 932 1586 enim
948 1522 1137 1604 simpliciter
1159 1526 1265 1589 solum

202 1632 376 1712 quaeritur,
399 1631 478 1713 quid
510 1633 680 1697 honestum
705 1634 755 1712 sit,
788 1632 866 1715 quid
891 1633 977 1713 utile,
1002 1632 1081 1714 quid
1105 1648 1264 1716 aequum,

201 1740 257 1803 sed
280 1759 321 1804 ex
344 1742 581 1822 comparatione
605 1745 710 1822 etiam,
736 1742 813 1825 quid
837 1742 1013 1823 honestius,
1037 1741 1116 1823 quid
1140 1741 1267 1824 utilius,

202 1849 281 1929 quid
311 1833 457 1929 aequius,
491 1856 589 1940 atque
624 1853 728 1932 etiam,
763 1850 842 1932 quid
877 1851 1148 1927 honestissimum,
1185 1853 1264 1935 quid

203 1957 425 2038 utilissimum,
460 1959 539 2039 quid
566 1959 829 2042 aequissimum.
855 2008 862 2023 .
890 1963 1037 2045 ‚Atque
1059 1977 1099 2027 ea,
1121 1960 1263 2042 quidem,

203 2084 284 2148 quae
313 2066 391 2146 dixi,
413 2069 606 2150 cognitionis
624 2072 699 2132 sunt
721 2070 839 2132 omnia.
865 2069 918 2132 61.
953 2067 1088 2132 Restant
1112 2071 1265 2134 actionis:

202 2176 296 2239 cuius
320 2176 458 2240 alterum
483 2183 531 2242 est
553 2176 769 2262 praecipiendi
792 2195 906 2258 genus,
931 2178 1019 2259 quod
1041 2177 1082 2239 ad
1104 2180 1264 2243 rationem

201 2285 297 2348 officii
320 2288 459 2370 pertinet
483 2337 490 2350 .
516 2338 522 2350 .
548 2311 555 2368 ;
580 2288 716 2352 alterum
745 2292 851 2350 autem
880 2286 921 2349 ad
949 2284 1117 2350 sedandos.
1138 2290 1266 2353 animos

201 2401 232 2458 et
256 2397 398 2460 oratione
422 2398 583 2461 sanandos
608 2448 616 2463 .
641 2447 647 2461 .
671 2448 679 2462 .
705 2396 765 2460 Oui
789 2395 918 2479 quidem
935 2397 1045 2479 generi
1064 2400 1263 2461 contrarium

202 2509 250 2568 est
273 2505 460 2587 disputandi
483 2524 588 2587 genus
612 2507 652 2568 ad
668 2517 795 2569 eosdem
821 2505 893 2569 illos
912 2507 1012 2568 anim-i
1036 2511 1151 2587 motus,
1177 2509 1264 2589 quod

201 2615 234 2676 in
258 2611 483 2696 amplificanda
503 2615 645 2677 oratione
662 2632 755 2697 saepe
772 2614 956 2678 faciendum
981 2620 1041 2695 est,
1062 2616 1264 2698 661616666-

203 2724 260 2786 dos
285 2724 337 2787 vel
361 2723 578 2788 concitandos.
626 2724 732 2806 Atque
766 2724 844 2787 haee
868 2724 934 2787 tere
958 2728 1006 2787 est
1033 2725 1162 2807 partitio
1187 2744 1264 2788 con-

200 2833 441 2897 sultationum.“

308 2943 369 3008 Sed
393 2961 614 3025 comparemus
637 2945 722 3007 inter
744 2961 779 3006 se
803 2961 886 3027 quae
910 2941 1005 3004 modo
1029 2960 1071 3005 ex
1096 2943 1263 3009 Ciceronis

200 3053 326 3135 scriptis
350 3052 572 3133 excerpsimus
596 3053 860 3136 616661616666,
884 3056 1045 3134 quatenus
1069 3058 1182 3116 auctor
1200 3054 1264 3117 sibi

201 3181 265 3224 non
306 3161 489 3224 constiterit.
553 3159 719 3224 Contraxit
754 3163 855 3244 igitur
891 3162 930 3224 de
964 3165 1046 3244 part.
1082 3182 1126 3226 or.
1167 3162 1263 3244 18,64

200 3271 262 3334 sub
287 3291 323 3336 ea
345 3275 444 3354 parte,
476 3272 529 3333 cui
560 3290 678 3335 nomen
708 3270 949 3353 „coniecturae“
981 3271 1051 3334 aliis
1074 3272 1154 3335 iocis
1178 3273 1263 3335 indi·

200 3381 297 3461 derat,
322 3381 526 3463 quaestiones
550 3381 656 3462 „unde
673 3386 777 3445 ortum
803 3382 872 3460 sit“,
897 3399 1000 3462 „quae
1023 3381 1056 3442 id
1076 3399 1174 3444 causa
1190 3401 1263 3446 con·

199 3490 336 3571 fecerit‘,
365 3490 422 3571 „de
456 3491 696 3561 immutatione“
724 3493 758 3553 in
790 3491 1010 3573 quaestionem
1035 3492 1262 3573 „quemadmo-

200 3602 278 3672 dum
320 3602 464 3684 quidque
503 3600 590 3679 fiat“;
633 3602 709 3664 item
749 3601 960 3681 „notionem“,
1002 3601 1260 3683 proprietatem“‚

200 3710 489 3796 „desor·iptionem“,
515 3728 597 3792 6666
622 3714 699 3774 sunt
722 3714 826 3792 partes
851 3709 1093 3792 „definitionis“,
1118 3709 1157 3771 de
1180 3716 1265 3790 part..

199 3842 242 3884 or.
274 3822 369 3900 19616
402 3841 468 3884 666
502 3820 765 3901 „descriptione“.
785 3819 995 3901 significavit3
1031 3817 1259 3900 ,6161616666ιι

199 3939 302 3997 autem
337 3932 403 3994 11116
439 3931 569 3994 omuino
595 3930 710 4009 omisit,
746 3930 807 3992 nisi
838 3947 913 3991 vero
950 3947 1019 3992 eam
1054 3928 1260 4010 descriptioni

199 4042 345 4105 subiecit.
395 4042 543 4122 Denique
577 4039 797 4121 quaestionem
822 4037 930 4118 „aliud
958 4058 998 4101 aa
1024 4037 1108 4100 idem
1135 4037 1194 4101 sit‘
1221 4038 1259 4099 de
