2618 4560
625 238 803 299 ..12-

181 432 302 498 gernere
325 412 506 479 subiunxit:
539 432 644 495 genus
668 413 966 495 demonstrativum,
990 414 1261 497 deliberativum,

181 524 339 589 iudiciale.

402 705 444 786 h.
485 703 534 786 Ite
562 703 830 804 quaestionibus
856 701 1021 782 infinitis.

288 850 353 918 Oar
384 851 493 916 Cicero
529 851 568 914 de
603 851 827 933 quaestionum
852 847 1051 911 infinitarum
1074 850 1258 932 partitione

181 983 219 1026 ac
242 963 430 1026 tractatione
454 980 616 1043 nusquam
640 958 763 1042 aliquid
780 959 986 1042 praeceperit,
1008 959 1072 1020 nisi
1094 959 1128 1020 in
1152 962 1256 1023 tertio

181 1070 337 1135 librorum
366 1070 425 1154 „oe
449 1072 603 1144 oratore“‚
638 1069 671 1131 in
696 1068 781 1132 libro
805 1070 864 1149 „de
889 1069 1057 1150 partitione
1081 1070 1256 1149 oratoria“,

181 1184 214 1244 in
239 1181 398 1264 „topicis“,
422 1181 499 1245 eatis
523 1179 615 1242 facile
638 1179 844 1261 perspicitur:
875 1176 914 1239 In
937 1176 1029 1240 libris
1051 1175 1110 1256 „de
1133 1177 1253 1242 inven-

180 1292 287 1354 tione‘·
312 1291 398 1354 enim
421 1289 622 1372 partitionem
647 1289 798 1351 materiae
821 1287 853 1349 in
879 1288 1085 1368 quaestiones
1101 1285 1252 1352 infinitas

181 1407 214 1463 ct
236 1399 343 1463 finitas
367 1401 509 1476 omnino,
540 1402 576 1461 ut
599 1397 708 1479 paullo
731 1402 804 1460 ante
828 1396 978 1476 vidimus,
1000 1397 1124 1479 reiecit3
1161 1397 1251 1462 idem

180 1509 256 1573 tecit
279 1510 441 1574 Antonius
474 1511 508 1572 in
539 1508 639 1572 altero
663 1505 820 1570 librorum
843 1507 903 1587 „de
928 1506 1078 1586 oratore“,
1111 1525 1189 1569 eum
1214 1509 1248 1569 in

182 1619 285 1701 primo
309 1618 398 1683 illius
422 1621 527 1704 operis
551 1617 633 1681 libro
662 1615 796 1680 Crassus
820 1633 889 1679 eam
914 1634 985 1678 cum
1012 1613 1146 1678 statibus
1171 1635 1251 1678 cou-

180 1728 330 1792 inunxisse
355 1728 509 1805 uideatur,
539 1746 619 1810 quros
643 1725 729 1789 illico
755 1723 794 1810 [1,
818 1726 869 1806 31,
896 1722 969 1809 139]
995 1725 1124 1806 uitrique
1149 1743 1250 1804 quae-

180 1837 278 1899 stioni
314 1841 345 1900 et
378 1837 522 1900 infinitae
556 1841 587 1899 et
621 1834 729 1898 finitae
753 1833 904 1919 subiecit;
940 1836 973 1896 in
998 1834 1099 1897 Bruto
1128 1840 1252 1916 autem,

184 1944 240 2008 ubi
265 1944 375 2010 Cicero
412 1947 576 2010 historiam
614 1949 776 2007 oratorum
801 1945 961 2007 clarorum
984 1944 1140 2024 tractarit,
1162 1945 1250 2006 mul-

182 2059 280 2137 toque
316 2058 419 2137 magis
451 2057 484 2118 in
517 2055 625 2119 libello
661 2053 718 2135 „de
754 2054 872 2136 optimo
906 2062 1023 2136 genere
1056 2053 1249 2136 oratorum‘,

181 2181 277 2245 ‹prem
297 2163 416 2246 Cicero,
440 2169 475 2227 ut
499 2164 628 2246 auinaue,
651 2162 879 2248 praefationem
903 2181 973 2226 esse
996 2163 1099 2225 votuit
1114 2164 1248 2228 iliarum

183 2273 407 2338 Demosthenis
443 2279 474 2338 et
509 2272 679 2338 Aeschinis
712 2275 900 2354 orationum,
935 2291 1016 2354 quas
1050 2272 1085 2333 in
1109 2271 1248 2336 latinum

183 2400 368 2447 sermonem
406 2387 593 2447 convertere
629 2384 788 2466 cogitarit,
811 2383 839 2445 ei
863 2384 986 2444 occasio
1010 2381 1050 2444 ad
1074 2381 1156 2444 inane
1179 2402 1248 2446 rem

108 2537 116 2553 .
182 2492 407 2574 capuliounttanr
431 2511 493 2555 non
520 2492 592 2555 data
616 2497 673 2557 ast.

289 2598 326 2662 In
358 2599 445 2663 libris
476 2600 534 2682 ,de
562 2601 703 2665 oratora“
733 2606 840 2665 aretem
869 2603 907 2666 de
932 2597 1174 2684 qruaestionibns
1198 2600 1249 2661 in-

184 2708 281 2772 tinitis
317 2714 348 2772 et
381 2709 520 2774 definitis
554 2731 572 2773 a
608 2710 722 2776 Crasso
756 2716 787 2774 et
811 2713 950 2774 Antonio
986 2707 1133 2793 pluribus
1167 2707 1249 2772 loeis

182 2816 381 2901 disputatum
418 2837 487 2883 esso
522 2820 723 2904 altarumque
759 2821 798 2884 de
821 2822 880 2884 hac
903 2840 936 2884 re
961 2840 1033 2883 oum
1058 2819 1156 2882 altero
1180 2837 1249 2881 non

181 2928 383 2991 consensisse
407 2930 471 2992 iam
497 2949 561 2992 non
584 2930 779 3013 ignoramus.
833 2933 876 2993 At
899 2931 982 2994 illud
1006 2929 1163 3012 imprimis
1188 2928 1249 2991 hoc

185 3034 252 3098 loeo
278 3039 594 3103 conrnuemorandum
632 3045 679 3104 ast
715 3045 889 3122 utrumque
914 3038 1052 3102 Graecos
1076 3037 1248 3122 reprehen-

183 3144 277 3226 disse,
313 3146 388 3228 qnia
416 3165 510 3210 nemo
535 3167 645 3213 eorum
671 3150 709 3213 de
733 3148 975 3232 quaestionibus
999 3146 1132 3211 infinitis
1156 3166 1250 3229 prae·

181 3259 273 3338 cepta
306 3254 452 3336 dedisset,
489 3277 686 3341 quamquam
717 3278 828 3322 omnes
858 3259 1022 3321 materiam
1048 3258 1084 3319 in
1115 3275 1247 3319 caueam

183 3368 214 3426 nt
251 3365 473 3446 ‹paraestionenr
509 3367 764 3446 distribuisseut3
798 3375 894 3450 atque
918 3379 975 3431 hos
1001 3385 1130 3450 quoque
1159 3365 1248 3429 locos

182 3470 236 3559 [rto
260 3492 303 3536 or.
327 3472 369 3555 11,
396 3475 445 3556 15,
470 3476 526 3556 65,
565 3479 614 3556 19,
641 3478 695 3540 78ι
725 3476 784 3559 ΙΙΙ,
810 3473 962 3562 28,110]
988 3496 1086 3560 supra
1110 3475 1151 3538 ad
1176 3493 1247 3538 rer·

184 3581 262 3645 hrum
297 3582 331 3644 in
355 3587 479 3647 tentum
504 3590 692 3670 recepturus,
728 3608 800 3651 eum
826 3587 960 3650 Antonii
983 3591 1014 3650 et
1038 3586 1146 3649 Crassi
1169 3603 1246 3648 sen-

183 3693 299 3756 tentias
345 3692 383 3756 de
422 3696 666 3776 quaestionibus
708 3698 911 3781 proportione
954 3697 1245 3779 coniungeremus3

181 3820 283 3883 «latrare
307 3820 417 3865 eorum
443 3804 547 3868 denuo
565 3808 758 3872 mentionem
775 3808 889 3871 iecisse
906 3808 982 3871 satis
999 3825 1069 3872 esse
1084 3810 1245 3889 putamus.

289 3908 412 3993 Itaque,
448 3933 489 3978 ne
518 3916 551 3978 in
581 3917 716 3980 earrdern
745 3917 1013 4000 vituperationem
1043 3916 1176 3996 reniret,
1212 3918 1246 3979 in

184 4038 283 4103 eleuant
313 4018 455 4085 rhetores
484 4022 595 4091 Graeci
619 4027 807 4108 inciderant,
836 4025 945 4091 Cicero
969 4032 1001 4092 et
1024 4024 1174 4090 Crassum
1205 4025 1244 4088 de
