2618 4560
576 239 729 301 ,4-

129 413 339 505 ῥητορική·*,1)
361 418 417 482 ubi
440 420 477 482 A.
493 419 522 479 2.
547 416 593 502 (p.
612 418 644 501 ὃ)
661 419 801 501 scripsit:
827 408 946 497 JEorm
970 412 1009 502 δὴ
1034 414 1195 506 ῥητορικὴ

128 523 267 609 ὄίναμις
305 521 383 608 περὶ
426 521 564 589 ἕκαστον
606 528 663 591 roi:
700 524 871 610 θεωρῆσαι
909 519 947 587 τὸ
983 521 1197 606 ἐνδεχόμενον

125 631 274 701 πιθανόν
299 687 305 700 .
333 683 341 699 .
366 681 373 696 .
399 627 468 720 ἡδὲ
483 631 636 723 ῥητορικὴ
657 634 732 718 περὶ
752 638 808 699 τοῦ
827 634 984 710 δοθέντος
1012 628 1055 710 ὡς
1078 630 1196 699 εἰπεῖν

123 744 213 809 clarel
236 740 403 810 <livonum
434 746 574 828 θεωρεῖν
590 740 628 810 τὸ
658 739 815 819 πιθανόν,
841 737 895 806 διὸ
918 739 975 806 mi
998 766 1106 829 qoper
1132 737 1194 809 αἶ’-

122 845 180 936 τῂν
203 844 239 915 oa'·
256 848 335 935 περί
358 877 392 915 τι
407 848 496 936 γένος
510 847 598 916 ἴδιον
613 843 843 939 ἀφωρισμένον
857 849 942 931 ἔχειν
958 847 996 915 τὸ
1012 849 1193 932 τεχνικόν.“

122 959 198 1023 Non
226 966 312 1024 reete
345 963 445 1045 igitur
473 961 584 1025 Cicero
618 963 809 1025 sententiam
839 960 975 1043 Gorgiae
1007 963 1119 1024 reiecit
1150 965 1193 1025 de

120 1069 190 1130 inv.
228 1068 252 1149 I,
277 1070 339 1149 qt.
387 1072 494 1156 Atque
528 1071 624 1134 etiam
657 1070 891 1152 Hermagoram
930 1071 1051 1132 iniuria
1079 1090 1193 1154 repre-

125 1177 246 1255 hendit,
270 1197 344 1241 oum
369 1180 409 1243 de
433 1181 497 1244 inv.
524 1180 549 1256 l,
575 1180 624 1262 6‚8
649 1179 688 1242 de
712 1199 749 1243 eo
774 1179 907 1242 diceret:
934 1178 1033 1259 „Nam
1049 1179 1192 1244 Herma-

123 1305 220 1368 goras
252 1287 381 1369 quidem
410 1307 470 1352 nee
499 1290 578 1371 quid
608 1290 693 1352 dieat
716 1288 880 1351 attendere
907 1306 967 1350 nee
996 1288 1071 1370 quid
1095 1289 1192 1372 polli-

125 1399 234 1457 ceatur
256 1396 444 1480 intellegere
467 1398 605 1479 videtur,
629 1399 686 1480 qui
710 1396 842 1460 oratoris
866 1398 1030 1460 materiam
1054 1399 1088 1459 in
1112 1418 1191 1462 cau·

120 1522 198 1566 -sanr
223 1517 254 1568 et
277 1506 310 1567 in
338 1508 559 1589 quaestionem
588 1507 722 1582 dividat,
755 1525 885 1568 eausam
910 1524 979 1568 esse
1003 1507 1088 1569 dicat
1110 1527 1192 1592 rem,

124 1631 208 1695 quae
231 1613 346 1678 habeat
368 1616 402 1677 in
427 1634 462 1679 se
478 1618 731 1680 controversiam
753 1614 937 1677 indicendo
959 1618 1096 1697 positam
1112 1636 1189 1681 oum

124 1740 333 1806 personarum
375 1728 533 1789 certarum
572 1726 835 1807 interpositioue3
860 1773 867 1785 .
892 1771 900 1785 .
926 1771 933 1786 .
960 1726 1187 1806 quaestionem

126 1836 232 1913 autem
258 1850 327 1894 eam
347 1831 494 1916 appellet,
519 1854 601 1916 quae
626 1833 739 1896 habeat
762 1835 795 1894 in
821 1851 855 1896 se
879 1835 1128 1896 controversiam
1152 1837 1188 1898 in

121 1938 256 2003 (licendo
297 1943 433 2024 positam
476 1945 546 2006 sine
581 1948 740 2006 certarum
786 1959 996 2024 personarum
1044 1943 1188 2026 interpo-

121 2049 265 2113 sitione.“

226 2158 443 2244 Hermagoras
476 2161 575 2244 igitur
599 2162 763 2225 materiam
789 2159 958 2221 oratoriam
986 2160 1021 2221 in
1053 2181 1185 2226 eausam

121 2273 152 2331 et
174 2269 207 2331 in
234 2271 446 2352 questionem,
474 2272 545 2336 ie.
571 2272 605 2334 in
631 2271 834 2354 quaestiones
857 2267 964 2331 finitas
989 2275 1020 2333 et
1042 2271 1185 2336 infinitas

123 2379 289 2462 diviserat3
325 2384 374 2442 est
402 2384 507 2443 autem
539 2381 683 2462 quaestio
711 2379 811 2459 finita,
846 2380 930 2441 sieut
960 2397 1068 2459 eausa,
1104 2400 1184 2464 „req
1216 2374 1219 2379 ’

123 2505 207 2568 quae
229 2485 326 2550 habet
348 2490 380 2549 in
406 2506 439 2550 se
463 2489 713 2552 controversiam
737 2489 771 2549 iu
796 2488 930 2551 dicendo
954 2489 1089 2570 positam
1107 2508 1183 2552 oum

119 2615 329 2680 personarum
354 2603 514 2660 certarum
538 2597 809 2680 interpositione“‚
844 2599 920 2677 sive,
955 2601 991 2659 ut
1019 2599 1183 2663 Antonius

56 2694 59 2699 Δ
122 2724 191 2771 eam
217 2705 364 2769 delinivit
399 2705 437 2768 de
462 2725 505 2767 or.
530 2706 572 2789 ΙΙ,
608 2707 715 2788 10,42,
749 2725 810 2788 res,
842 2707 874 2768 in
913 2725 976 2788 qua
1011 2706 1110 2788 „quid
1145 2709 1180 2795 in

119 2816 265 2898 personis
294 2820 324 2879 et
352 2816 386 2877 in
411 2816 587 2880 constituta
611 2835 644 2880 re
669 2820 699 2878 et
723 2815 872 2878 definita‘
910 2816 1087 2896 quaeritur;
1124 2817 1180 2879 sed

122 2927 269 3007 quaestio
286 2924 422 3005 infinita,
439 2944 522 3008 quae
539 2926 578 2990 de
594 2928 659 2988 iun.
675 2925 700 3004 Ι,
725 2923 776 3002 6,8
794 2924 982 3006 simpliciter
997 2926 1180 3006 „quaestio“

118 3039 259 3114 vooatur,
295 3032 408 3115 „habet
431 3035 465 3095 in
489 3053 523 3098 so
552 3036 802 3099 controversiam
826 3034 860 3095 in
886 3033 1020 3096 dicendo
1043 3034 1177 3116 positam

119 3141 189 3209 sine
213 3147 371 3207 certarum
407 3162 619 3225 personarum
647 3142 889 3227 interpositione
912 3161 1016 3224 eaque
1039 3145 1181 3207 Antonio

122 3251 232 3316 door.
270 3251 314 3334 Π,
352 3251 445 3334 10,42
481 3273 532 3317 res
567 3273 636 3318 esse
665 3245 841 3331 ridebatur,
880 3253 930 3333 „in
963 3271 1027 3333 qua
1060 3250 1183 3331 aliquid

116 3361 292 3442 generatim
318 3364 554 3444 quaeroretnr“.
600 3363 680 3425 Inde
708 3359 1085 3444 apparetHermagoram
1110 3379 1180 3422 ora-

116 3474 217 3532 torem
250 3473 400 3536 omnibus
438 3474 476 3536 do
505 3473 602 3537 rebus
639 3473 743 3535 dicere
771 3490 865 3552 posse
901 3471 1051 3534 statuisse
1081 3473 1180 3532 mate-

116 3579 263 3661 riamque
286 3582 453 3644 oratoriam
477 3581 635 3645 infinitam
658 3581 832 3663 putavisse.
933 3613 935 3615 ·

223 3687 283 3753 Sed
310 3689 417 3754 Oieero
453 3693 486 3753 in
521 3692 645 3772 vitiosa,
680 3709 777 3773 quam
812 3689 1002 3754 adulescens
1031 3687 1177 3765 habebat,

116 3801 274 3862 sententia
309 3818 373 3862 non
408 3802 546 3883 perstitit
579 3801 776 3882 maximique
811 3801 964 3862 momenti
989 3803 1036 3863 est
1060 3797 1177 3877 videre,

116 3908 276 3986 quomodo
300 3909 332 3970 in
358 3911 397 3974 iis
413 3911 502 3974 libris
518 3910 692 3991 rhetoricis,
718 3928 798 3992 quos
815 3911 942 3991 scripsit
958 3929 1030 3972 oum
1047 3907 1176 3989 longius

222 4068 249 4136 1)
269 4067 438 4139 „Aristotelis
458 4086 501 4124 ars
521 4067 673 4123 rlrotorioa“
694 4068 733 4122 ed.
752 4066 877 4134 Spengel.
914 4067 989 4135 Lips
1011 4069 1087 4122 1867.
