2618 4560
620 245 797 305 ...14-

183 445 234 490 res
261 424 384 505 habeat,
416 421 558 486 definitio
586 420 689 503 eupli·
741 421 843 483 iuriae
872 419 1076 482 distinctione
1104 419 1257 501 explica·

182 539 234 598 cat
258 582 266 599 .
291 584 297 600 .
324 582 332 598 .
371 532 562 597 Consecutio
578 535 690 624 autem
741 535 803 593 tur.

184 650 347 725 tractatur,
369 662 453 723 cum,
477 641 556 724 quid
580 658 688 722 quam·

184 774 248 837 que
280 773 347 818 rem
380 758 542 835 sequatur,
575 751 712 831 anqui-=

182 867 265 927 ritur
288 913 294 926 .
320 911 327 927 .
354 911 362 926 .
709 854 712 879 ⁵

186 973 260 1038 114.
305 970 454 1034 Redeunt
494 989 610 1033 rursus
648 948 712 1033 adi
743 969 1256 1051 Coniecturaeratioinquat-

182 1082 447 1147 coniecturam
487 1098 623 1162 eamque
653 1081 712 1171 inf
742 1087 818 1143 tuor
852 1085 959 1163 partes
996 1078 1170 1142 distributa
1195 1086 1256 1160 est,

184 1195 338 1273 quattuor
352 1208 471 1272 genera
487 1189 688 1272 dispertiunt.
710 1196 713 1257 ὲ
743 1209 880 1273 quarum
897 1210 963 1253 una
979 1195 1036 1270 est,
1060 1206 1135 1251 cum
1152 1208 1255 1271 quae·

184 1300 268 1365 Nam
297 1304 353 1362 aut
377 1299 455 1381 quid
478 1301 528 1382 sit,
563 1270 714 1393 quaeri-¹
743 1297 836 1374 ritur,
861 1299 945 1361 sitne
968 1298 1106 1381 aliquid3
1141 1299 1256 1380 altera,

184 1421 239 1474 tur
258 1457 268 1474 .
285 1457 319 1474 ..
343 1413 408 1490 eut,
431 1429 514 1492 quae
537 1410 579 1473 sit
602 1410 690 1492 origo
711 1410 714 1471 i
744 1406 831 1470 unde
847 1411 954 1472 ortum
969 1409 1027 1488 sit3
1046 1410 1152 1490 tertia,
1167 1428 1255 1492 quae

184 1521 345 1602 cuiusque
367 1519 413 1581 rei
430 1566 437 1581 .
455 1567 490 1582 ..
514 1521 569 1581 aut
593 1534 691 1579 causa
744 1515 778 1578 id
808 1535 904 1580 causa
936 1517 1089 1598 effecerim
1124 1525 1255 1603 quarta,

186 1633 219 1691 et
241 1630 321 1692 ratio
345 1679 351 1694 .
378 1679 386 1693 .
412 1679 419 1692 .
445 1633 502 1691 aut
518 1627 557 1690 de
572 1628 689 1690 immu-
743 1627 778 1689 in
816 1646 880 1708 qua
917 1626 957 1690 de
991 1629 1168 1692 mutatione
1206 1630 1255 1693 rei

187 1741 317 1802 tatione.
745 1736 918 1817 quaeritur.

188 1848 259 1910 115.
289 1845 561 1910 Definitiones
585 1851 690 1909 autem
747 1845 854 1926 22,83.
892 1844 972 1909 Cum
1000 1851 1125 1930 autem,
1157 1849 1255 1930 quid

187 1957 527 2039 strntdisceptationeS‚
544 1958 692 2036 anteum
747 1956 811 2033 sit,
836 1957 1011 2038 quaeritur,
1038 1958 1125 2020 notio
1148 1958 1254 2041 expli-

187 2067 365 2149 quaeritur,
389 2066 468 2150 quid
492 2067 525 2128 in
550 2083 693 2128 commu·
747 2045 849 2127 canda
882 2069 930 2129 est
957 2071 989 2128 et
1017 2065 1193 2148 proprietas
1224 2077 1255 2134 et

188 2178 222 2239 ni
254 2181 360 2241 mente
384 2177 477 2259 quasi
498 2176 692 2258 impressum
748 2175 862 2239 divisio
903 2182 934 2238 et
967 2178 1103 2259 partitio.
1162 2175 1255 2242 Haec

189 2290 231 2352 sit
254 2336 262 2352 .
288 2339 295 2352 .
321 2336 327 2350 .
352 2293 416 2369 aut,
433 2306 517 2368 cum,
542 2285 620 2368 quid
637 2303 693 2347 cu·
747 2286 833 2349 enim
857 2291 934 2350 sunt
958 2286 1139 2351 definitioni
1162 2290 1255 2352 attri-

187 2398 305 2479 iusque
314 2398 535 2482 sitproprium,
549 2396 693 2478 exquiri·
747 2396 838 2476 buta3
887 2396 1018 2459 additur
1055 2397 1151 2460 etiam
1200 2399 1255 2463 de-

188 2510 261 2569 tur.
283 2552 313 2568 ..
335 2510 399 2587 aut,
423 2524 499 2567 cum
514 2523 566 2569 res
586 2504 692 2568 distri·
747 2506 890 2588 scriptio,
931 2524 1029 2589 quam
1067 2509 1257 2597 χαρακτῆρα

191 2613 299 2678 buitur
332 2616 367 2677 in
397 2619 501 2696 partes
531 2620 693 2696 ...aut
749 2615 861 2678 Graeci
884 2620 1009 2681 vocant.

189 2745 266 2789 oum
303 2743 384 2806 quae
419 2723 520 2787 forma
548 2727 579 2786 et
603 2724 694 2805 quasi

189 2835 343 2900 naturalis
368 2838 442 2898 nota
463 2835 623 2915 cuiusque
645 2832 694 2911 sit,

187 2943 410 3009 describitur.
436 2993 443 3009 .
470 2994 475 3007 .

191 3052 264 3118 116.
282 3051 694 3117 Consecutionisautem
750 3053 803 3120 84.
837 3054 918 3118 Cum
946 3058 1052 3119 autem
1078 3058 1256 3138 quaeritur,

189 3163 254 3226 duo
275 3165 377 3248 prima
399 3166 625 3247 quaestionum
640 3180 694 3244 ge·
749 3167 862 3250 quale
887 3164 980 3244 quid
1003 3165 1067 3246 sit,
1099 3170 1156 3229 aut
1179 3167 1257 3230 sim·

189 3292 268 3337 nera
294 3278 470 3357 ponuntur.
528 3271 610 3336 Nom
639 3277 695 3335 aut
749 3275 873 3358 pliciter
905 3275 1069 3357 quaeritur
1092 3281 1147 3339 aut
1170 3294 1257 3340 com-

190 3383 329 3465 simplex
353 3387 401 3446 est
425 3382 612 3466 disceptatio
750 3389 871 3470 parate:
898 3434 904 3450 .
931 3433 937 3448 .
963 3433 972 3450 .

187 3498 244 3556 aut
283 3511 325 3557 ex
362 3493 628 3574 comparatione.
655 3539 693 3555 ..

190 3603 390 3687 Simplicium
414 3605 521 3665 autem
538 3607 618 3670 sunt
631 3606 694 3665 tres
750 3603 953 3688 Simplicium
962 3604 1151 3687 triagenere
1161 3615 1254 3672 sunt:

190 3714 290 3777 modi:
311 3713 350 3778 de
365 3711 553 3795 expetendis
570 3711 695 3794 fugien-
751 3715 794 3779 de¹
813 3713 991 3798 expetendo
1019 3713 1255 3800 fugiendoque;

134 3895 139 3905 ,
190 3824 281 3887 disve
309 3823 407 3887 rebus
432 3870 439 3885 .
465 3869 472 3885 .
496 3871 502 3884 .
527 3821 565 3885 de
590 3840 694 3904 aequo
751 3824 915 3906 deaeque
940 3827 971 3887 et
993 3824 1119 3907 iniqu03
1146 3826 1185 3891 de
1201 3829 1259 3892 ho·

194 3939 249 3997 out
268 3935 381 4016 iniquo
406 3982 412 3996 .
440 3980 447 3996 .
474 3983 480 3996 .
505 3931 694 3996 dehoneste
717 3932 719 4028 J
752 3939 841 3999 nesto
866 3937 897 3997 et
920 3934 1015 4016 turpi.

190 4036 250 4109 erit
279 4042 441 4127 turpilli.
472 4039 563 4104 Com·
597 4091 604 4107 .
633 4088 672 4105 ..
717 4036 719 4122 ξ
1164 4041 1257 4106 Com-
