2618 4560
512 266 687 327 ..45-

67 440 289 521 indicationes,
307 439 506 505 firmamenta
525 460 574 505 re·
596 439 600 549 1

67 551 196 634 periri.“
596 552 599 632 Ι

179 656 305 734 Quibus
328 661 506 742 praeceptis
529 660 637 722 statim
661 676 698 720 ea
721 656 897 740 adiungere
913 660 1025 742 placet,
1051 681 1137 743 quae

68 773 198 833 exstant
220 768 254 830 in
278 769 392 832 ceteris
415 767 506 832 libris
529 768 696 831 rhetoricis
721 786 867 850 quaeque
891 788 957 832 non
973 770 1012 832 ad
1034 775 1132 834 totam

68 879 155 941 illam
191 897 270 958 rem,
302 877 358 940 sed
390 877 430 941 ad
457 877 686 940 iudicationem
718 876 821 940 solum
846 878 1016 959 pertinent.
1063 879 1133 943 Pri-

66 1006 157 1050 mum
179 987 278 1069 igitur
301 987 466 1050 Antonius
491 987 529 1050 de
554 1005 599 1050 or.
623 985 665 1067 ΙΙ,
690 986 741 1066 30,
767 986 828 1070 132
855 986 893 1049 de
917 1007 953 1051 ea
976 989 1053 1051 haec
1077 1009 1134 1053 er-

66 1097 212 1179 plicavit:
244 1144 262 1178 „
286 1142 294 1158 .
319 1143 325 1156 .
352 1143 358 1158 .
385 1095 507 1176 deinde,
531 1095 609 1178 quid
633 1095 740 1158 veniat
758 1095 792 1156 in
816 1095 972 1160 iudicium
999 1095 1055 1183 [se
1080 1117 1132 1161 oc·

28 1232 31 1237 ’
67 1208 169 1269 currit
201 1203 344 1268 naturali
373 1204 512 1286 quadam
535 1199 730 1289 prudentia]‚
764 1205 850 1286 qnod
875 1206 929 1269 isti
952 1209 999 1270 sio
1021 1207 1135 1272 iubent

11 1354 14 1359 -
67 1333 239 1398 quaerere:
263 1311 429 1376 Interfeoit
453 1311 600 1396 Opimius
625 1313 818 1378 Gracchum.
867 1313 951 1389 Quid
968 1315 1044 1379 facit
1061 1336 1134 1380 oau-

65 1423 158 1487 sam?
205 1422 299 1498 Quod
327 1423 375 1485 rei
408 1421 557 1505 publicae
587 1443 698 1503 causa,
729 1443 802 1486 cum
832 1442 873 1485 ex
903 1427 1033 1487 senatus
1057 1441 1136 1486 con·

64 1533 151 1596 sulto
175 1532 215 1594 ad
238 1552 325 1595 arma
349 1537 504 1596 vocasset.
550 1530 622 1594 Hoc
647 1533 731 1612 tolle,
765 1551 863 1595 causa
887 1551 950 1594 non
975 1532 1043 1594 erit
1088 1532 1134 1594 At

62 1642 98 1704 id
130 1643 242 1724 ipsum
275 1646 372 1723 negat
408 1649 519 1705 contra
551 1641 638 1722 leges
665 1639 797 1703 licuisse
826 1638 954 1703 Decius.
1016 1639 1134 1703 Veniet

61 1752 166 1834 igitur
193 1752 227 1812 in
250 1751 423 1814 iudicium:
463 1749 647 1814 Licueritne
679 1768 720 1811 ex
743 1755 872 1813 senatus
896 1749 1043 1813 consulto
1067 1769 1132 1813 ser·

63 1860 194 1923 vandae
217 1861 263 1922 rei
286 1859 435 1942 publicae
464 1860 604 1923 causa?“
649 1857 731 1935 Tum
757 1857 866 1922 Cicero
891 1859 1023 1922 eandem
1047 1859 1133 1921 indi·

60 1970 224 2032 cationem
256 1987 301 2032 or.
337 1969 388 2052 36,
418 1968 479 2031 126
511 1971 561 2033 his
586 1968 692 2032 verbis
715 1970 833 2052 tetigit:
875 1968 1061 2052 „Quidquid
1084 1973 1133 2032 est

60 2080 149 2142 enim
189 2077 286 2159 illud,
316 2076 352 2141 in
386 2068 449 2161 quo
483 2080 574 2162 quasi
607 2083 769 2141 certamen
804 2087 852 2142 est
885 2080 1132 2154 controversiae,

60 2186 152 2270 qnod
186 2197 298 2271 graece
330 2184 516 2272 κρινόμενον
548 2188 679 2268 dicitur,
718 2186 751 2248 id
781 2188 825 2249 ita
855 2187 918 2249 dici
945 2189 1056 2270 placet,
1096 2193 1131 2250 ut

58 2296 253 2360 traducatur
282 2298 322 2361 ad
349 2304 536 2380 perpetuam
565 2297 786 2379 quaestionem
816 2300 912 2378 atque
936 2304 972 2360 nt
996 2297 1034 2359 de
1060 2297 1133 2359 nni-

58 2425 156 2470 verso
179 2424 296 2489 genere
321 2407 404 2483 dicat
393 2411 459 2486 tur3
489 2406 552 2469 nisi
576 2424 649 2469 eum
674 2406 713 2469 de
737 2423 812 2467 vero
830 2403 1019 2487 ambigetur,
1043 2406 1129 2487 quod

13 2593 17 2599 .
58 2516 178 2598 quaeri
208 2515 392 2578 coniectura
421 2515 530 2580 solet‘
588 2513 737 2597 Denique
772 2521 834 2596 to.p
863 2512 916 2595 25
941 2516 982 2578 95
1018 2515 1128 2578 eadem

56 2643 149 2688 resr
137 2626 183 2688 ita
205 2628 285 2687 trac
286 2629 370 2687 atur
403 2622 485 2704 „Sed
511 2643 593 2706 quae
617 2643 658 2687 ex
682 2629 769 2687 satta
793 2626 933 2688 content
925 2643 956 2687 ro
910 2624 1128 2700 telficitur‚

57 2754 132 2799 eam
158 2733 271 2797 Graeci
293 2728 479 2818 κρινόμενον
494 2739 619 2800 vocant.
670 2733 748 2796 Mihi
770 2734 875 2816 placet
889 2734 923 2796 id
947 2783 954 2798 .
980 2784 986 2796 -
1015 2784 1020 2795 ·
1048 2753 1129 2817 „qua

57 2843 100 2906 de
133 2862 169 2906 re
202 2843 327 2924 agitur“
360 2845 479 2907 vocari.
536 2842 662 2918 Quibus
695 2850 802 2905 autem
836 2842 896 2902 hoc
924 2861 1005 2923 ‚,qna
1030 2841 1130 2904 dere

56 2951 185 3036 agitur‘
209 2953 399 3033 continetur,
424 2970 460 3015 ea
484 2953 682 3016 continentia
707 2956 872 3030 vocentur,
904 2951 997 3031 quasi
1020 2947 1128 3012 firma-

55 3066 172 3125 menta
197 3060 402 3142 defensionis
425 3060 544 3144 quibus
570 3061 705 3125 sublatis
730 3061 871 3124 defensio
896 3057 988 3122 nulla
1011 3060 1081 3122 sit.“

51 3217 52 3220 ,
171 3168 220 3234 De
243 3160 303 3233 h‘ao
333 3168 496 3233 Ciceronis
524 3171 676 3252 doctrina,
706 3191 802 3253 quam
831 3171 925 3233 modo
955 3188 996 3232 ex
1024 3170 1129 3250 ipsius

55 3279 152 3343 libris
187 3281 418 3362 exscripsimus
455 3279 642 3362 diligentius
679 3282 743 3363 egit
776 3280 975 3343 Volkmann:
1018 3278 1128 3360 „Rbet

57 3390 88 3455 d.
114 3388 170 3454 Gr.
195 3409 226 3452 u.
250 3385 311 3452 R‘ffl
334 3409 365 3472 p.
392 3390 577 3455 102-105.
625 3389 826 3472 Quamquam
844 3390 919 3453 huic
944 3391 1011 3452 viro
1034 3390 1127 3452 docto

53 3499 197 3562 libenter
219 3499 426 3563 concedimus
455 3502 553 3562 totam
582 3499 672 3562 illam
701 3501 934 3583 expositionem
960 3497 1124 3562 Ciceronis

58 3608 230 3672 obscuram
260 3610 457 3691 cognitoque
488 3607 706 3671 difficillimam
739 3629 818 3690 esse,
845 3615 952 3672 tamen
981 3627 1054 3671 eum
1089 3608 1123 3668 in

59 3718 120 3781 hoo
149 3720 243 3800 sequi
277 3737 341 3781 non
374 3738 557 3800 possumus,
586 3719 673 3800 quod
701 3717 884 3782 Ciceronem
921 3717 1124 3798 vituperavit,

63 3829 135 3910 quia
159 3829 456 3909 „constitutionem“
480 3828 530 3890 hic
551 3829 612 3891 alia
628 3830 751 3891 ratione
767 3833 862 3910 atque
878 3827 943 3889 illic
961 3824 1126 3888 definisset

62 3955 195 4021 eamque
218 3957 290 4001 oum
315 3937 541 4020 „quaestione“
565 3936 769 4002 confudisset.
819 3934 909 3999 Dixit
939 3937 1025 3998 enim
1049 3936 1069 3999 l.
1095 3956 1122 3998 c.

10 4132 14 4141 Ι
64 4065 93 4130 p.
117 4048 178 4110 102
202 4047 293 4112 haec:
323 4045 449 4128 „Cicero
478 4047 576 4110 selbst
598 4048 653 4111 hat
676 4046 792 4109 vorher
820 4047 871 4109 die
900 4065 958 4108 aus
986 4045 1122 4108 intentio
