2686 4560
671 210 846 270 ..42-

225 386 362 470 finnio).
410 386 577 471 Copiosius
602 391 709 450 autem
734 386 774 449 do
796 386 837 448 iis
861 402 927 447 non
951 383 1133 467 disputavit,
1161 383 1225 446 nisi
1254 383 1298 446 de

224 499 291 562 inv.
317 497 342 579 I,
368 497 577 577 13,18-14,
597 496 637 559 19
662 500 693 558 et
724 494 763 557 de
791 498 871 576 part.
895 511 939 554 or.
965 488 1194 572 29,102-30,
1222 492 1297 573 106,

229 626 305 671 oum
328 608 362 670 in
386 608 502 671 ceteris
526 605 654 687 seriptis
678 605 845 667 rhetoricis
869 601 921 663 hio
944 599 1009 661 illio
1033 601 1132 663 unius
1159 604 1300 682 tantum,

224 717 441 795 iudicationis,
475 715 671 778 mentionem
704 710 832 775 feceret.
901 709 963 773 Sed
998 708 1175 773 referamus
1211 729 1298 791 quae

226 826 265 889 de
289 827 348 889 hoo
371 844 405 888 re
430 825 538 888 doouit
560 824 664 905 ipsius
688 817 808 901 verbis3
832 819 959 901 scripsit
982 818 1098 899 igitur:

226 935 265 998 de
278 936 341 997 inv.
355 934 379 1015 I,
394 932 644 1015 13,18-14,19;
663 928 729 1011 „Ao
753 922 755 983 ῗ
785 927 908 1011 depart.
922 926 1196 1011 or.29,102-30,
1208 929 1288 993 104:

227 1048 295 1106 tum
312 1043 511 1106 considerato
526 1058 730 1124 genereoou·
753 1024 756 1149 ἰ

224 1172 278 1216 sae
296 1204 302 1216 .
321 1202 329 1216 .
347 1202 353 1215 .
370 1153 430 1215 erit
446 1150 631 1230 videndum,
649 1165 731 1230 quae
753 1152 755 1195 Ι

225 1263 380 1344 quaestio,
415 1280 500 1344 quae
523 1261 612 1340 rati0,
648 1198 755 1340 quae¹

223 1372 384 1452 iudicatio,
395 1371 480 1453 quod
492 1369 729 1433 firmamentum

223 1499 337 1544 causae
372 1482 427 1563 sit;
460 1498 542 1563 quae
574 1478 680 1541 omnia
713 1497 731 1539 a

222 1591 452 1654 constitutione
486 1587 732 1672 proficiscantur

222 1704 354 1780 oportet.
402 1697 587 1773 Quaestio
610 1698 660 1758 est
683 1714 729 1771 ea,

221 1826 305 1891 quae
328 1825 370 1869 ex
393 1805 595 1868 conflictione
619 1822 731 1866 oausa-

220 1936 294 1980 rum
328 1916 472 1998 gignitur
503 1915 730 1994 controversia,

221 2024 281 2087 hoo
304 2024 412 2087 modo:
446 2022 537 2104 „Nou
561 2023 632 2086 iuro
654 2022 730 2085 feci-

222 2135 293 2201 sti.“
349 2133 556 2216 ,‚1urofeci.“
612 2131 729 2195 Causa·

221 2265 295 2309 rum
333 2249 440 2306 autem
477 2248 524 2305 est
560 2239 729 2304 conflictio,

221 2357 256 2418 in
294 2374 359 2438 qua
382 2353 571 2415 constitutio
595 2356 685 2415 const
705 2357 727 2414 t.

220 2462 273 2525 Ex
301 2482 339 2526 ea
362 2464 463 2545 igitur
486 2462 629 2525 nascitur
653 2479 727 2524 oon·
827 2464 887 2547 „Et
910 2472 1064 2553 quoniam
1096 2488 1223 2552 semper
1259 2472 1299 2571 is,

220 2575 386 2650 troversia,
399 2591 493 2654 quam
507 2572 728 2655 quaestionem
783 2577 840 2658 qui
864 2577 1015 2660 defendit,
1039 2598 1104 2643 non
1122 2579 1228 2642 solum
1245 2598 1298 2642 re·

224 2683 374 2763 dicimus·
398 2682 490 2745 haee:
526 2681 660 2762 „Iurene
683 2679 727 2741 fe·
782 2685 873 2749 sistat
907 2694 1030 2770 oportet
1061 2690 1171 2771 aliquo
1205 2695 1298 2753 certo

220 2792 326 2855 oerit.“
373 2789 486 2854 Ratio
511 2795 559 2853 est
575 2809 621 2870 eo,
645 2809 727 2871 quae
783 2799 868 2858 statu
892 2802 948 2860 out
970 2798 1139 2861 infitiando
1162 2801 1219 2860 aut
1244 2799 1298 2863 de·

220 2902 361 2964 continet
398 2919 542 2980 oausam,
585 2917 668 2980 quae
698 2901 728 2963 si
783 2903 924 2968 finiendo
947 2908 1180 2989 autaequitate
1197 2926 1297 2992 oppo-

218 3009 345 3073 sublata
377 3011 425 3090 sit,
459 3007 540 3070 nihil
571 3008 606 3069 in
630 3027 728 3072 causa
784 3015 898 3096 nenda,
917 3016 973 3080 sed
988 3017 1295 3093 etiamrationem

221 3117 719 3199 controversiaerelinquatur...
749 3084 752 3247 4
784 3124 935 3187 subiiciat
962 3126 1171 3189 recusationis
1204 3145 1296 3209 suae,

784 3235 909 3317 primus
932 3233 987 3296 ille
1011 3237 1115 3298 status
1134 3235 1295 3302 rationem

785 3341 879 3405 habet
902 3343 1008 3424 iniqui
1028 3343 1171 3407 oriminis
1187 3345 1296 3427 ipsam

219 3497 432 3508 ——.-—-

325 3551 351 3618 1)
370 3547 462 3601 Status
489 3546 613 3617 minores,
641 3553 671 3605 ut
699 3567 744 3607 ooo
772 3552 915 3606 brevitatis
943 3567 1024 3606 eausa
1052 3552 1091 3606 ita
1115 3553 1296 3622 appellemus,

224 3638 350 3708 quamvis
369 3637 512 3692 materiam
531 3655 586 3693 uon
612 3643 703 3696 eadem
728 3645 830 3698 ratione
855 3644 883 3698 in
907 3659 1007 3711 genere
1036 3644 1211 3708 distribuunt,
1240 3664 1297 3717 qua

224 3731 322 3799 reliqui
341 3730 436 3795 status,
456 3733 600 3800 propterea
618 3734 645 3788 in
664 3735 714 3790 heo
739 3736 825 3804 prima
846 3738 923 3805 parte
948 3737 1103 3801 tractamus,
1127 3737 1190 3804 quia
1216 3755 1296 3807 prae·

220 3826 298 3888 oepta
317 3822 349 3873 do
376 3821 460 3875 officio
484 3825 600 3879 oratoris
623 3843 676 3881 non
702 3830 758 3882 tam
783 3830 817 3883 ad
841 3843 872 3882 ea
894 3827 1039 3894 pertinent,
1064 3843 1132 3896 quas
1155 3827 1184 3879 in
1210 3845 1297 3886 causo

220 3912 410 3966 constituenda
431 3914 464 3968 ab
485 3915 646 3971 adversariis
664 3919 843 3988 proferuntur,
863 3934 944 3987 quam
963 3919 997 3972 ad
1015 3918 1102 3986 ipsam
1131 3918 1297 3993 orationem,

220 4019 288 4071 quae
308 4005 340 4057 de
360 4019 440 4059 eausa
460 4007 606 4062 constituta
624 4009 748 4063 hahetur.
