2618 4560
563 293 737 356 ..52-

124 473 263 537 cendum
280 472 411 535 omnino
428 476 485 552 est,
509 471 587 554 quid
603 471 646 535 sit
661 471 817 553 optimum
833 470 868 531 in
885 468 1034 552 singulis,
1059 469 1116 533 sed
1133 470 1186 532 ali·

124 585 244 664 quanto
260 600 353 645 secus
377 586 473 663 atque
495 581 530 643 in
554 579 709 643 tradenda
726 583 794 643 arte
807 578 992 642 dicisolet.“
1026 576 1187 645 Etverbis

123 692 220 774 „quid
233 691 335 754 dicat*
345 695 377 754 et
386 709 470 772 „quo
484 689 629 772 quidque
639 689 728 753 loco“
737 689 957 753 inventionem
970 688 1188 752 etcollocatio-

123 818 196 863 nem
209 800 464 883 circumscriptas
477 818 547 863 esse
558 799 650 862 facile
662 797 872 880 intellegitur;
887 798 1094 861 enuntiatum
1107 818 1187 881 „quo

123 910 234 973 modo‘
277 915 387 973 autem
422 909 504 972 duas
540 913 659 991 partes:
708 907 920 972 elocutionem
958 910 990 970 et
1029 908 1186 971 actionem

123 1019 357 1101 complectitur,
401 1021 437 1080 ut
475 1018 545 1100 ipse
585 1018 766 1080 accuratius
801 1017 925 1099 aperuit
960 1035 1005 1079 or.
1043 1016 1095 1098 17,
1132 1018 1186 1080 55:

123 1126 211 1208 „Quo
251 1127 345 1190 modo
370 1130 476 1190 autem
502 1127 636 1208 dicatur,
658 1126 692 1188 id
716 1125 821 1190 estin
846 1123 982 1206 duobus,
1005 1125 1041 1188 in
1065 1127 1188 1209 agendo

122 1241 153 1299 et
186 1237 221 1298 in
255 1235 464 1318 eloquendo.“
519 1235 582 1300 Sed
607 1235 826 1318 quaerendum
859 1239 915 1312 est,
950 1234 1029 1318 quid
1053 1240 1124 1299 tum
1149 1236 1187 1300 de

122 1345 321 1427 ‚,mem0ria“,
353 1347 407 1409 cui
442 1346 532 1409 locus
556 1345 665 1408 nullus
690 1346 784 1407 datas
807 1348 864 1417 est,
899 1341 1008 1406 Cicero
1033 1344 1187 1408 diiudica-

122 1456 212 1519 verit.
251 1455 383 1518 Dahae
407 1456 492 1518 enim
515 1460 605 1537 parte
628 1473 703 1518 eum
727 1474 746 1517 a
769 1452 926 1516 sententia
949 1454 1008 1515 sua
1024 1451 1187 1518 destitisse

121 1565 268 1629 videmus
293 1583 332 1628 ex
356 1584 401 1629 or.
428 1564 478 1646 17,
503 1566 555 1642 54,
579 1563 635 1653 utri
660 1568 720 1627 est:
745 1611 763 1645 „
788 1609 795 1624 .
821 1609 828 1624 .
855 1610 862 1625 .
886 1580 928 1624 ne
947 1580 1037 1629 nunc
1053 1563 1187 1644 quidem

122 1675 225 1737 solum
260 1674 299 1736 de
333 1674 485 1737 orationis
509 1674 603 1737 modo
628 1673 740 1749 dicam,
775 1670 831 1735 sed
855 1672 950 1733 etiam
974 1670 1013 1734 de
1037 1674 1188 1737 aetionis:

120 1785 164 1846 ita
188 1784 412 1865 praetermissa
443 1800 516 1864 pars
539 1783 632 1845 nulla
655 1784 734 1861 erit3
769 1780 1031 1863 quandoquidem
1056 1781 1096 1845 de
1122 1801 1188 1846 me·

121 1894 223 1955 moria
255 1891 334 1953 nihil
363 1896 411 1952 θεῖ
435 1890 493 1954 hoc
517 1891 586 1953 loco
611 1890 795 1966 dicendum,
825 1909 907 1973 quae
930 1892 1115 1956 communis
1140 1899 1187 1957 est

120 2001 294 2064 multarum
331 1999 479 2065 artium.“
538 1998 664 2074 Quibus
691 1998 799 2063 verbis
823 1999 999 2062 clarissime
1024 2004 1188 2084 expressit

120 2115 176 2175 aut
200 2110 374 2173 declaravit
396 2128 467 2174 sese
481 2113 664 2174 memoriam
678 2129 744 2172 non
757 2109 945 2190 dionesie,
967 2110 1052 2173 utin
1069 2114 1189 2179 ceteris

119 2220 220 2303 libris,
253 2222 309 2303 qni
333 2222 529 2301 „oratorem‘
552 2223 801 2299 antecesserunt,
834 2219 994 2301 propriam
1031 2217 1188 2303 eloquen-

118 2334 181 2396 tiae
215 2337 340 2414 partcm
375 2329 500 2409 habere,
534 2329 589 2393 sed
627 2329 800 2392 muitarum
835 2329 952 2391 artium
976 2346 1188 2397 communem

119 2447 240 2522 putare.
302 2438 364 2503 Sed
397 2457 438 2501 ne
472 2440 506 2500 in
540 2458 577 2501 ea
606 2439 736 2521 quidem
760 2439 919 2501 sententia
943 2435 1053 2501 Cicero
1076 2459 1190 2523 perse·

119 2550 251 2612 voravit.
305 2545 389 2608 Nam
416 2549 592 2628 posteriore
616 2552 758 2628 tempore
781 2547 815 2607 in
840 2546 1090 2629 „partitionibus
1114 2569 1190 2617 ora-

118 2659 225 2722 ῖοῖίῖειι
247 2654 334 2744 [1,3],
369 2673 450 2737 quas
470 2673 534 2717 uno
557 2675 642 2718 anno
665 2661 738 2738 post
761 2657 964 2736 „oratorem“‚
998 2657 1019 2721 i.
1045 2675 1073 2723 e.
1098 2679 1188 2724 anno

119 2767 160 2826 45
186 2785 213 2829 a.
240 2763 312 2829 Chr.
337 2784 368 2826 n.
392 2763 431 2827 ab
463 2783 500 2827 eo
535 2765 636 2829 editas
668 2783 738 2829 esse
774 2766 894 2829 scimus
923 2785 1036 2830 rursus
1060 2769 1186 2850 eadem,

120 2895 201 2957 quae
224 2876 258 2937 in
281 2875 373 2938 libris
398 2879 470 2937 ante
495 2878 696 2958 „oratorem“,
721 2874 847 2956 scriptis
870 2874 1030 2959 docuerat,
1054 2878 1095 2942 de
1118 2882 1185 2944 elo-

119 2985 267 3064 quentiae
291 2983 699 3078 partibuspracscripsit.1)

225 3174 250 3240 1)
272 3174 329 3229 Hoc
357 3175 416 3229 loco
446 3174 545 3242 optime
565 3177 646 3230 etiam
666 3177 824 3244 afferuntur,
852 3192 919 3244 quae
939 3175 1032 3231 Cicero
1052 3179 1086 3232 de
1108 3196 1182 3250 „me-

118 3266 221 3319 moria‘·
241 3267 269 3319 in
289 3266 357 3321 libro
378 3268 427 3333 „de
446 3266 545 3334 optimo
563 3281 661 3333 genere
680 3269 832 3320 oratorum“
852 3268 967 3337 scripsit,
997 3284 1078 3337 quem
1097 3270 1181 3340 pleri·

118 3373 169 3424 que
187 3358 291 3412 duobus
310 3358 387 3411 annis
406 3360 466 3426 post
484 3358 661 3427 ‚‚oratorem“‚
680 3357 698 3410 i.
717 3373 740 3410 e.
761 3373 831 3411 anno
851 3363 886 3414 44
905 3375 929 3413 a.
949 3359 1010 3413 Chr.
1031 3377 1058 3419 n.
1077 3362 1180 3416 editum

117 3465 174 3504 csse
194 3449 369 3517 suspicantur.
406 3448 577 3516 Quamquam
596 3448 662 3502 iliud
680 3449 750 3502 inter
768 3449 838 3502 viros
857 3450 950 3503 doctos
969 3468 1023 3506 aon
1041 3453 1108 3508 satis
1121 3470 1181 3508 con-

117 3551 187 3597 stare
207 3557 260 3594 non
278 3540 440 3610 ignoramus,
470 3543 561 3594 tamen
580 3542 721 3608 propterea
739 3538 816 3593 iilum
835 3539 954 3593 libellum
973 3543 1052 3612 plane
1070 3533 1179 3600 silentio

117 3633 265 3701 praeterire
293 3648 346 3686 non
375 3647 526 3700 possumus.
572 3630 697 3686 Servavit
714 3632 798 3700 igitur
817 3632 972 3686 memoriam
991 3636 1024 3688 de
1042 3637 1099 3705 opt.
1118 3653 1180 3706 gen.

117 3741 152 3778 or.
174 3730 197 3790 2,
217 3727 241 3787 ὃ,
270 3723 316 3776 ubi
344 3725 376 3777 de
395 3723 534 3776 sententiis
554 3729 580 3775 et
598 3722 693 3790 verbis,
713 3740 726 3775 θ
746 3721 843 3788 quibus
862 3723 1014 3791 eloquentia
1033 3729 1179 3795 constaret,

116 3817 243 3882 disputat,
272 3815 314 3867 his
341 3814 443 3867 verbis:
474 3812 544 3878 „Sed
563 3828 653 3866 aarum
674 3812 793 3864 omnium
813 3829 910 3885 rerum,
938 3819 968 3870 ut
986 3817 1178 3888 aedificiorum,

116 3907 243 3959 memoria
262 3910 303 3959 est
322 3907 397 3973 quasi
416 3904 628 3971 fundamentum,
655 3903 746 3956 lumen
765 3903 861 3971 actio‘⁸‚
890 3907 983 3974 quibus
1002 3908 1178 3978 intellegitur,

117 3998 209 4066 quanti
231 4003 321 4052 auctor
339 3995 496 4050 memoriam
514 3993 647 4052 habuerit
665 4008 730 4045 oum
747 3992 846 4049 calliae
864 3999 948 4064 partis
967 3999 1019 4053 nisi
1033 4000 1179 4054 momoriae

116 4094 195 4159 atque
214 4089 326 4146 actionis
345 4088 400 4145 iilic
418 4087 497 4143 ment
