2618 4560
642 251 818 311 ..82-

199 427 351 508 quoniam
390 425 471 487 nihil
514 425 696 489 addendum
742 431 798 509 est,
837 445 897 490 nos
942 426 983 488 ad
1028 427 1165 491 verbum
1210 449 1260 493 eas

199 533 381 597 exscribere
404 538 573 617 oporteret,
596 533 630 596 id
655 533 742 615 quod
766 534 879 598 inutile
904 534 996 598 nobis
1021 537 1129 599 visum
1154 541 1203 601 est
1232 544 1260 600 et

198 662 262 706 non
294 649 558 707 consentaneum.
612 644 694 706 Item
722 661 776 705 eas
812 662 941 726 quoque
968 663 1021 708 res
1053 644 1174 709 referre
1198 666 1258 709 non

198 772 279 836 opus
310 757 366 834 est,
391 773 471 834 quas
508 752 616 817 Cicero
652 752 790 830 singulis
825 752 989 816 attributis
1029 757 1122 837 quasi
1158 761 1260 838 partes

198 862 378 940 subiunxit,
414 864 554 946 primum
590 863 666 944 quia
700 862 734 923 in
769 866 858 924 tanta
896 863 1050 926 varietate
1092 883 1260 941 causarum

199 990 310 1033 omnes
333 970 428 1053 plane
459 975 490 1034 et
518 969 664 1034 absolute
696 989 843 1034 enarrare
876 989 970 1034 nemo
1001 977 1114 1054 potest,
1147 973 1261 1038 deinde

199 1079 285 1161 quod
309 1098 404 1162 saepe
433 1085 539 1142 noster
570 1081 743 1143 nonnullas
768 1080 913 1144 attulisse
944 1081 1022 1143 satis
1045 1100 1116 1146 esse
1140 1087 1264 1166 putavit

198 1190 252 1269 ita,
282 1193 319 1250 ut
353 1189 491 1270 exempli
527 1207 623 1252 rausa
656 1190 779 1271 positae
811 1208 880 1252 esse
917 1189 1101 1272 videantur3
1138 1194 1195 1274 sic,
1229 1199 1263 1256 ut

199 1317 303 1360 unum
339 1316 379 1360 ex
409 1297 556 1379 pluribus
590 1298 799 1380 proferamus,
823 1298 862 1361 de
893 1300 959 1362 inv.
983 1300 1008 1379 Ι,
1033 1301 1128 1383 25,36
1153 1305 1264 1385 paucis

199 1406 421 1470 affectionibus
467 1409 723 1470 commemoratis
769 1427 890 1487 earum,
935 1428 1018 1490 quae
1060 1420 1262 1496 supererant,

199 1519 393 1580 mentionem
418 1536 482 1579 non
508 1516 582 1580 lecit
611 1519 675 1580 nisi
703 1518 753 1581 his
782 1516 907 1580 verbis:
933 1523 981 1599 „et
1014 1518 1086 1596 alia,
1118 1540 1201 1603 quae
1230 1527 1263 1584 in

198 1626 310 1690 eodem
333 1645 449 1710 genere
472 1627 707 1708 reperiuntur.“

305 1736 449 1798 Alterius
488 1740 597 1798 autem
642 1737 771 1817 generis
813 1736 959 1798 locorum
999 1742 1152 1818 quattuor
1191 1746 1266 1803 sunt

198 1848 317 1927 partes;
342 1865 417 1906 nam
445 1865 489 1926 ea,
506 1864 589 1927 quae
609 1845 745 1927 negotiis
762 1849 839 1906 sunt
858 1844 1022 1926 attributa,
1037 1849 1172 1929 „partim
1191 1855 1266 1912 sunt

200 1955 398 2016 continentia
421 1973 495 2017 oum
518 1955 588 2037 ipsc
613 1955 750 2036 negotio,
772 1955 888 2036 partim
911 1954 947 2016 in
975 1956 1121 2037 gestione
1144 1960 1265 2039 negotii

200 2063 452 2146 considerantur,
490 2065 605 2146 partim
651 2063 803 2126 adiuncta
845 2065 970 2146 negotio
1017 2069 1104 2145 sunt,
1148 2068 1263 2147 partim

199 2178 326 2254 gestum
361 2175 525 2256 negotium
561 2169 839 2256 consequuntur,²)
874 2177 910 2235 ut
933 2171 1043 2236 Cicero
1074 2173 1113 2249 de
1141 2177 1211 2239 inv.
1242 2176 1266 2258 I,

200 2283 293 2364 263?
320 2283 434 2346 docuit.
481 2283 582 2346 Cuius
605 2285 733 2362 generis
755 2287 864 2365 partes
886 2282 1014 2361 iterum,
1038 2287 1074 2345 ut
1097 2283 1199 2362 illius,
1232 2287 1264 2347 in

199 2394 339 2455 minores
371 2393 587 2473 minimasque
616 2393 789 2474 particulas
813 2388 1059 2467 distribuuntur,
1083 2393 1123 2456 de
1147 2394 1266 2478 quibus

199 2499 361 2583 permulta
383 2500 467 2563 dicta
491 2505 567 2563 sunt
590 2501 629 2562 de
652 2503 716 2563 inv,
739 2500 765 2577 Ι,
790 2498 1036 2582 26,37-28‚43.

306 2607 368 2670 His
392 2609 469 2672 locis
501 2609 601 2690 igitur
633 2612 865 2690 argumentatio
895 2610 1067 2673 adiuvatur
1095 2608 1203 2690 iisque
1231 2608 1266 2670 fit

202 2724 258 2780 aut
280 2717 464 2801 probabilis,
489 2720 516 2781 si
541 2718 619 2800 quid
643 2718 832 2800 explicatur,
855 2716 962 2801 „quod
992 2719 1056 2782 fere
1085 2719 1165 2782 solet
1196 2718 1266 2782 fieri

201 2830 269 2890 sive
294 2829 380 2911 quod
402 2830 436 2891 in
461 2829 611 2912 opinione
633 2831 773 2911 positum
805 2833 853 2892 ost
889 2830 956 2892 sive
991 2827 1087 2891 habet
1109 2830 1144 2890 in
1168 2848 1202 2892 se
1227 2829 1266 2891 ad

201 2939 278 2998 haec
303 2938 466 3019 quandam
496 2935 788 3020 similitudinemff)
824 2944 880 3002 aut
915 2940 1096 3001 necessaria
1130 2940 1266 3020 exsistit,

201 3047 228 3108 si
253 3065 299 3126 ea,
323 3026 406 3128 quae
430 3048 590 3128 dicuutur,
619 3048 728 3128 „aliter
751 3067 810 3110 nec
833 3048 903 3112 fieri
928 3067 987 3110 nec
1011 3047 1158 3132 probari“
1193 3067 1266 3132 pos-

201 3152 318 3240 sunt;³)
343 3156 427 3238 quod
451 3175 556 3239 genus
580 3156 749 3220 coniicitur
772 3162 827 3219 ant
862 3159 1093 3241 complexione,
1117 3159 1171 3239 „in
1203 3178 1267 3242 qua

202 3272 311 3328 utrum
335 3268 531 3329 concesseris
555 3266 830 3348 reprehenditur,“
855 3272 911 3330 aut
935 3269 1176 3331 enumeratione
1212 3273 1268 3332 aut

200 3372 340 3457 simplici
365 3373 583 3439 conclusione.

308 3486 417 3567 Atque
455 3485 533 3548 haeo
569 3485 710 3567 quidem,
745 3505 827 3568 quae
866 3486 970 3548 adhuc
1007 3487 1046 3550 do
1081 3486 1160 3549 locis
1194 3505 1269 3569 pro-

200 3594 345 3675 tulimus,
369 3592 478 3658 Cicero
502 3593 541 3657 de
564 3595 630 3657 inu.
654 3594 680 3673 I,
705 3593 800 3678 30,49
825 3593 980 3676 „tentent‘
1015 3594 1271 3658 confirmationis

190 3695 381 3786 'appellavIt
426 3702 467 3767 In
491 3706 531 3767 iis
556 3708 671 3780 autem,
706 3707 742 3765 ut
775 3703 867 3766 facile
902 3705 1109 3788 intellegitur,
1143 3705 1266 3789 proprii

309 3952 336 4021 1)
355 3953 401 4006 cfr.
421 3952 453 4004 de
468 3951 523 4005 inv.
541 3949 578 4017 ΙΙ,
601 3953 757 4016 lam—42.

307 4045 333 4114 2)
353 4046 386 4098 de
406 4044 460 4100 inu
478 4043 501 4112 Ι,
520 4047 607 4107 29,46.
912 4040 939 4106 3)
959 4043 992 4095 de
1010 4042 1067 4095 inv.
1086 4040 1107 4106 I,
1128 4045 1218 4108 aaut.
