2618 4560
559 252 737 313 ..88-

117 429 270 493 continet.
328 429 403 493 Illio
438 429 522 491 enim
560 426 672 492 Cicero
705 428 909 491 coniecturae
926 427 1029 502 ,locos
1064 430 1121 489 aut
1151 428 1183 490 in

117 535 349 602 verisimilibus
385 541 443 601 aut
475 537 509 598 in
539 538 675 620 propriis
698 557 807 600 rerum
832 537 918 600 notis
942 536 1064 598 versari
1089 535 1182 614 dixit3

117 651 149 710 et
181 647 368 710 verisimilia
403 645 533 728 quidem
568 665 611 709 ex
649 647 802 732 personia,
844 645 932 725 locis,
976 643 1184 727 temporibus,

115 751 221 836 factis,
258 757 397 837 eventis,
437 773 547 818 rerum
581 756 724 838 ipsarum
759 754 1027 837 negotiorumque
1062 754 1184 816 naturis

117 865 265 946 sumpsit,
300 885 380 947 quas
413 884 463 928 res
495 865 612 927 iterum
647 864 685 927 ab
711 865 804 927 eoin
828 869 933 946 partes
957 863 1100 925 minores
1124 861 1184 926 dis-

118 973 255 1036 tributas
280 993 349 1038 asse
372 972 467 1036 nobis
491 973 548 1034 vix
574 973 893 1036 commemorandum
909 977 972 1051 est;
1011 973 1184 1036 maximam

116 1088 224 1146 autem
257 1083 354 1147 fidem
384 1083 487 1146 facere
514 1083 641 1165 putavit
666 1083 861 1165 exemplum,
898 1079 1117 1145 introductam
1140 1082 1185 1144 rei

118 1191 371 1273 similitudinem,
404 1190 558 1256 fabulam.
617 1190 674 1254 Sin
708 1210 749 1255 ex
783 1191 919 1274 propriis
954 1210 1066 1253 rerum
1102 1192 1185 1254 notis

117 1301 181 1363 loci
205 1304 390 1382 sumuntur,
424 1300 561 1382 vestigia
583 1299 669 1377 facti,
704 1318 919 1383 quaecunque
943 1304 1080 1381 exstant,
1114 1320 1186 1382 pro-

118 1409 252 1472 ferenda
276 1427 346 1473 esse
371 1409 489 1473 docuit.
527 1407 567 1471 In
591 1409 820 1472 constitutione
845 1407 1011 1472 definitive
1035 1414 1066 1472 et
1081 1428 1185 1492 genus

119 1518 346 1601 exponendum
382 1523 430 1582 est
466 1523 497 1581 et
521 1521 714 1602 proprietas,
751 1538 845 1601 saepe
877 1520 971 1582 etiam
996 1537 1038 1582 ex
1062 1523 1187 1581 contra·

118 1629 185 1710 riis,
217 1628 441 1710 dissimilibus
474 1628 607 1710 paribus
643 1627 776 1692 definire
808 1627 971 1691 debemus.
1020 1627 1087 1692 Ubi
1110 1647 1187 1692 vero

114 1738 159 1801 ,de
195 1739 348 1820 qualitate
385 1737 560 1820 quaeritur,
595 1739 668 1800 iure
685 1737 824 1800 tactum
849 1753 919 1799 esse
943 1736 1088 1800 dicemus
1114 1736 1188 1819 „de-

120 1847 260 1929 pellendi
295 1852 352 1910 aut
387 1845 566 1908 ulciscendi
602 1845 720 1908 doloris
757 1845 861 1927 gratia
896 1851 954 1908 aut
976 1846 1105 1928 pietatis
1130 1854 1189 1910 aut

117 1955 291 2038 pudicitiae
315 1959 372 2018 aut
389 1954 555 2035 religionis
579 1960 636 2017 aut
658 1955 781 2036 patriae
806 1955 938 2017 nomine
962 1959 1018 2018 aut
1041 1956 1186 2038 denique

119 2065 316 2146 necessitate,
338 2064 519 2146 inscientia,
542 2064 650 2128 casu.“
782 2060 785 2066 ’

225 2172 342 2257 ltaque
354 2173 559 2238 err-omnibus
572 2171 663 2236 libris
686 2173 856 2236 rhetoricis
878 2173 1103 2261 cognosc-imus
1117 2194 1189 2257 per·

117 2283 237 2348 multos
267 2302 337 2347 esse
359 2282 456 2364 locos,
490 2302 573 2366 quos
598 2287 703 2346 orator
725 2286 853 2365 paratos
876 2281 993 2346 habere
1018 2282 1122 2365 debet,
1160 2285 1187 2348 si

120 2393 160 2456 ad
193 2393 365 2456 dicendum
389 2392 521 2455 accedit.
579 2392 642 2456 Sed
666 2392 755 2455 nihili
781 2398 830 2455 est
853 2411 907 2455 eos
930 2392 1096 2474 reperisse,
1122 2394 1186 2456 nisi

118 2503 145 2565 si
180 2500 287 2564 verbis
322 2501 509 2564 clarissimis
533 2501 842 2584 diligentissimeque
867 2501 975 2565 electis
999 2507 1187 2566 tractantur.

118 2610 291 2692 Propterea
331 2607 441 2671 Cicero
482 2610 609 2691 saepius
648 2610 855 2692 explicationi
892 2610 1038 2674 locorum
1077 2613 1187 2675 statim

92 2721 95 2725 ’
122 2719 232 2782 brevia
242 2723 410 2802 praecepta
424 2718 462 2782 de
471 2737 582 2782 eorum
594 2720 783 2782 tractatione
792 2719 936 2801 adnexit,
949 2740 1033 2803 quae
1044 2722 1188 2784 maxime

118 2829 158 2892 ad
183 2830 392 2892 variationem
417 2829 571 2892 orationis
594 2831 750 2912 spectant,
775 2831 927 2912 quoniam
952 2830 1042 2893 nulla
1066 2830 1188 2893 aliare

117 2945 223 3003 orator
256 2939 410 3021 impedire
447 2945 560 3021 potest,
598 2940 773 3021 quominus
796 2939 833 3019 ii,
865 2939 960 3023 ‘apud
995 2959 1075 3021 quos
1113 2943 1212 3023 agit,

119 3047 279 3111 audiendo
313 3047 543 3130 defatigantur3
580 3068 655 3110 nam
692 3047 863 3129 „omnibus
896 3051 931 3111 in
955 3047 1051 3111 rebus
1076 3049 1189 3111 simili·

119 3156 197 3219 tudo
229 3162 278 3220 est
312 3157 466 3220 satietatis
501 3156 619 3219 mater“
655 3157 699 3219 ait
722 3157 832 3220 Cicero
857 3158 896 3221 de
919 3159 983 3220 inv.
1007 3157 1032 3237 l,
1056 3159 1109 3240 41,
1136 3159 1187 3240 76,

119 3265 177 3329 ubi
211 3267 308 3330 huius
341 3266 388 3328 rei
410 3266 554 3328 tractatio
579 3269 696 3343 exstat;
734 3285 832 3348 quare
856 3267 876 3331 l.
901 3287 928 3331 c.
953 3264 1088 3331 oratoris
1113 3287 1185 3332 csse

121 3372 205 3439 dixit
237 3375 274 3438 in
297 3374 555 3457 argumentando
579 3379 648 3438 tum
672 3372 862 3440 inductione
886 3379 943 3458 uti,
966 3382 1036 3440 tum
1059 3374 1188 3440 ratioci-

120 3487 260 3561 natione,
296 3481 390 3547 cuius
413 3485 446 3545 in
471 3483 617 3566 partibus
640 3504 704 3547 non
729 3504 855 3568 semper
878 3487 1015 3550 eundem
1041 3484 1187 3552 ordinem

120 3614 181 3657 nec
216 3612 388 3657 numerum
424 3594 554 3658 retineri
590 3600 760 3677 oporteret3
793 3600 862 3657 tum
887 3597 983 3658 etiarn
1006 3594 1041 3658 in
1065 3595 1189 3679 expoli-

121 3702 209 3768 tione
244 3704 445 3789 singularum
480 3703 620 3785 partium
655 3723 751 3786 quam
775 3702 952 3769 maximam
976 3707 1187 3770 variationem

121 3815 366 3878 commendavit.
415 3812 529 3896 Neque
553 3830 590 3874 ea
614 3812 718 3875 solum
742 3814 774 3875 in
799 3815 859 3877 hoo
875 3813 994 3900 scripto
1013 3810 1187 3895 praecepit,

122 3923 179 3986 sed
203 3921 297 3986 etiam
321 3922 468 4007 pluribus
492 3921 571 3984 locis
597 3918 733 3984 aliorum
746 3922 902 3989 librorum
916 3921 1074 4010 repetivit,
1099 3923 1189 3986 ntde

122 4052 167 4098 or.
181 4032 224 4114 Il,
245 4035 265 4094 4
289 4030 496 4114 ,lvo-177,
511 4031 569 4095 ubi
583 4028 744 4095 Antonius
760 4033 880 4118 eadem,
904 4052 987 4121 quae
1003 4029 1189 4096 rettulimus
