<?xml version="1.0" encoding="UTF-8"?>
<!DOCTYPE html PUBLIC "-//W3C//DTD XHTML 1.0 Transitional//EN"
    "http://www.w3.org/TR/xhtml1/DTD/xhtml1-transitional.dtd">
<html xmlns="http://www.w3.org/1999/xhtml" xml:lang="en" lang="en">
 <head>
  <title>
</title>
<meta http-equiv="Content-Type" content="text/html;charset=utf-8" />
  <meta name='ocr-system' content='tesseract 3.04.00' />
  <meta name='ocr-capabilities' content='ocr_page ocr_carea ocr_par ocr_line ocrx_word'/>
</head>
<body>
  <div class='ocr_page' id='page_1' title='image "./deciceronisdoct00heingoog_0048.png"; bbox 0 0 2686 4560; ppageno 0'>
   <div class='ocr_carea' id='block_1_1' title="bbox 534 262 708 324">
    <p class='ocr_par' dir='ltr' id='par_1_1' title="bbox 534 262 708 324">
     <span class='ocr_line' id='line_1_1' title="bbox 534 262 708 324; baseline -0.006 -16"><span class='ocrx_word' id='word_1_1' title='bbox 534 262 708 324; x_wconf 64' lang='lat'><strong>„39-</strong></span> 
     </span>
    </p>
   </div>
   <div class='ocr_carea' id='block_1_2' title="bbox 90 436 1238 4130">
    <p class='ocr_par' dir='ltr' id='par_1_2' title="bbox 90 436 1159 1176">
     <span class='ocr_line' id='line_1_2' title="bbox 92 436 1157 523; baseline 0.003 -23"><span class='ocrx_word' id='word_1_2' title='bbox 92 441 228 521; x_wconf 87' lang='lat' dir='ltr'><strong>possint:</strong></span> <span class='ocrx_word' id='word_1_3' title='bbox 272 439 356 515; x_wconf 77' lang='lat' dir='ltr'><strong>Quid</strong></span> <span class='ocrx_word' id='word_1_4' title='bbox 390 436 455 519; x_wconf 85' lang='lat' dir='ltr'><strong>fiat,</strong></span> <span class='ocrx_word' id='word_1_5' title='bbox 488 437 609 503; x_wconf 84' lang='lat' dir='ltr'><strong>tactum</strong></span> <span class='ocrx_word' id='word_1_6' title='bbox 644 439 833 503; x_wconf 79' lang='lat' dir='ltr'><strong>futurumve</strong></span> <span class='ocrx_word' id='word_1_7' title='bbox 868 441 924 522; x_wconf 79' lang='lat' dir='ltr'><strong>sit,</strong></span> <span class='ocrx_word' id='word_1_8' title='bbox 963 444 1037 520; x_wconf 85' lang='lat' dir='ltr'><strong>aut„</strong></span> <span class='ocrx_word' id='word_1_9' title='bbox 1063 441 1157 523; x_wconf 88' lang='lat' dir='ltr'><strong>quale</strong></span> 
     </span>
     <span class='ocr_line' id='line_1_3' title="bbox 93 547 1157 631; baseline 0.003 -22"><span class='ocrx_word' id='word_1_10' title='bbox 93 547 146 624; x_wconf 80' lang='lat' dir='ltr'><strong>sit3</strong></span> <span class='ocrx_word' id='word_1_11' title='bbox 183 552 247 629; x_wconf 84' lang='lat' dir='ltr'><strong>aut,</strong></span> <span class='ocrx_word' id='word_1_12' title='bbox 267 549 426 630; x_wconf 92' lang='lat' dir='ltr'><strong>quomodo</strong></span> <span class='ocrx_word' id='word_1_13' title='bbox 450 550 643 614; x_wconf 90' lang='lat' dir='ltr'><strong>nominetur.</strong></span> <span class='ocrx_word' id='word_1_14' title='bbox 691 548 773 611; x_wconf 91' lang='lat' dir='ltr'><strong>Nam</strong></span> <span class='ocrx_word' id='word_1_15' title='bbox 796 548 878 611; x_wconf 93' lang='lat' dir='ltr'><strong>illud</strong></span> <span class='ocrx_word' id='word_1_16' title='bbox 902 549 1040 630; x_wconf 83' lang='lat' dir='ltr'><strong>quidem,</strong></span> <span class='ocrx_word' id='word_1_17' title='bbox 1072 549 1157 631; x_wconf 90' lang='lat' dir='ltr'><strong>quod</strong></span> 
     </span>
     <span class='ocr_line' id='line_1_4' title="bbox 94 656 1157 738; baseline 0 -19"><span class='ocrx_word' id='word_1_18' title='bbox 94 657 224 738; x_wconf 88' lang='lat' dir='ltr'><strong>quidam</strong></span> <span class='ocrx_word' id='word_1_19' title='bbox 250 656 364 721; x_wconf 84' lang='lat' dir='ltr'><strong>Graeci</strong></span> <span class='ocrx_word' id='word_1_20' title='bbox 387 658 581 738; x_wconf 81' lang='lat' dir='ltr'><strong>adiungunt:</strong></span> <span class='ocrx_word' id='word_1_21' title='bbox 617 657 756 721; x_wconf 84' lang='lat' dir='ltr'>Rectene</span> <span class='ocrx_word' id='word_1_22' title='bbox 781 656 898 719; x_wconf 86' lang='lat' dir='ltr'><strong>laetum</strong></span> <span class='ocrx_word' id='word_1_23' title='bbox 924 658 973 736; x_wconf 86' lang='lat' dir='ltr'><strong>sit,</strong></span> <span class='ocrx_word' id='word_1_24' title='bbox 997 661 1098 719; x_wconf 90' lang='lat' dir='ltr'><strong>totum</strong></span> <span class='ocrx_word' id='word_1_25' title='bbox 1122 659 1157 719; x_wconf 93' lang='lat' dir='ltr'><strong>in</strong></span> 
     </span>
     <span class='ocr_line' id='line_1_5' title="bbox 93 765 1157 848; baseline 0.001 -20"><span class='ocrx_word' id='word_1_26' title='bbox 93 784 131 828; x_wconf 92' lang='lat' dir='ltr'><strong>eo</strong></span> <span class='ocrx_word' id='word_1_27' title='bbox 164 770 226 829; x_wconf 90' lang='lat' dir='ltr'><strong>est:</strong></span> <span class='ocrx_word' id='word_1_28' title='bbox 265 765 366 842; x_wconf 78' lang='lat' dir='ltr'><strong>Quale</strong></span> <span class='ocrx_word' id='word_1_29' title='bbox 400 767 467 830; x_wconf 82' lang='lat' dir='ltr'><strong>sit.“</strong></span> <span class='ocrx_word' id='word_1_30' title='bbox 513 766 593 829; x_wconf 85' lang='lat' dir='ltr'><strong>Tum</strong></span> <span class='ocrx_word' id='word_1_31' title='bbox 630 767 768 830; x_wconf 87' lang='lat' dir='ltr'><strong>breviter</strong></span> <span class='ocrx_word' id='word_1_32' title='bbox 803 783 885 848; x_wconf 91' lang='lat' dir='ltr'><strong>quae</strong></span> <span class='ocrx_word' id='word_1_33' title='bbox 921 767 1023 828; x_wconf 91' lang='lat' dir='ltr'><strong>sensit</strong></span> <span class='ocrx_word' id='word_1_34' title='bbox 1052 766 1090 828; x_wconf 90' lang='lat' dir='ltr'><strong>de</strong></span> <span class='ocrx_word' id='word_1_35' title='bbox 1114 785 1157 829; x_wconf 90' lang='lat' dir='ltr'><strong>or.</strong></span> 
     </span>
     <span class='ocr_line' id='line_1_6' title="bbox 90 874 1158 958; baseline 0 -21"><span class='ocrx_word' id='word_1_36' title='bbox 90 874 132 957; x_wconf 82' lang='grc' dir='ltr'><strong>Π,</strong></span> <span class='ocrx_word' id='word_1_37' title='bbox 157 875 208 957; x_wconf 89' lang='grc'><strong>30,</strong></span> <span class='ocrx_word' id='word_1_38' title='bbox 244 877 307 938; x_wconf 86' lang='grc'><strong>132</strong></span> <span class='ocrx_word' id='word_1_39' title='bbox 342 877 389 938; x_wconf 91' lang='lat' dir='ltr'><strong>ita</strong></span> <span class='ocrx_word' id='word_1_40' title='bbox 425 876 681 958; x_wconf 86' lang='lat' dir='ltr'><strong>comprehendit:</strong></span> <span class='ocrx_word' id='word_1_41' title='bbox 728 877 796 956; x_wconf 80' lang='lat' dir='ltr'><strong>„Ac</strong></span> <span class='ocrx_word' id='word_1_42' title='bbox 832 876 972 957; x_wconf 93' lang='lat' dir='ltr'><strong>primum</strong></span> <span class='ocrx_word' id='word_1_43' title='bbox 1008 878 1158 938; x_wconf 88' lang='lat' dir='ltr'><strong>naturam</strong></span> 
     </span>
     <span class='ocr_line' id='line_1_7' title="bbox 93 983 1159 1068; baseline 0.002 -22"><span class='ocrx_word' id='word_1_44' title='bbox 93 1003 208 1048; x_wconf 84' lang='lat' dir='ltr'><strong>causae</strong></span> <span class='ocrx_word' id='word_1_45' title='bbox 232 984 346 1065; x_wconf 84' lang='lat' dir='ltr'><strong>videat,</strong></span> <span class='ocrx_word' id='word_1_46' title='bbox 373 1003 455 1067; x_wconf 89' lang='lat' dir='ltr'><strong>quae</strong></span> <span class='ocrx_word' id='word_1_47' title='bbox 477 1005 646 1068; x_wconf 70' lang='lat' dir='ltr'><strong>narrrquam</strong></span> <span class='ocrx_word' id='word_1_48' title='bbox 670 985 755 1065; x_wconf 74' lang='lat' dir='ltr'><strong>latet,</strong></span> <span class='ocrx_word' id='word_1_49' title='bbox 778 983 940 1046; x_wconf 87' lang='lat' dir='ltr'><strong>factumne</strong></span> <span class='ocrx_word' id='word_1_50' title='bbox 964 984 1005 1046; x_wconf 91' lang='lat' dir='ltr'><strong>sit</strong></span> <span class='ocrx_word' id='word_1_51' title='bbox 1026 1003 1159 1066; x_wconf 89' lang='lat' dir='ltr'><strong>quaera-</strong></span> 
     </span>
     <span class='ocr_line' id='line_1_8' title="bbox 93 1090 901 1176; baseline -0.006 -19"><span class='ocrx_word' id='word_1_52' title='bbox 93 1099 155 1175; x_wconf 84' lang='lat' dir='ltr'><strong>tur,</strong></span> <span class='ocrx_word' id='word_1_53' title='bbox 178 1113 218 1156; x_wconf 90' lang='lat' dir='ltr'><strong>an</strong></span> <span class='ocrx_word' id='word_1_54' title='bbox 243 1094 339 1176; x_wconf 92' lang='lat' dir='ltr'><strong>quale</strong></span> <span class='ocrx_word' id='word_1_55' title='bbox 363 1095 416 1173; x_wconf 81' lang='lat' dir='ltr'><strong>sit,</strong></span> <span class='ocrx_word' id='word_1_56' title='bbox 440 1113 480 1156; x_wconf 92' lang='lat' dir='ltr'><strong>an</strong></span> <span class='ocrx_word' id='word_1_57' title='bbox 505 1095 590 1176; x_wconf 89' lang='lat' dir='ltr'><strong>quod</strong></span> <span class='ocrx_word' id='word_1_58' title='bbox 615 1113 732 1158; x_wconf 91' lang='lat' dir='ltr'><strong>nomen</strong></span> <span class='ocrx_word' id='word_1_59' title='bbox 758 1090 901 1155; x_wconf 58' lang='grc' dir='ltr'><strong>1161661]ί</strong></span> 
     </span>
    </p>

    <p class='ocr_par' dir='ltr' id='par_1_3' title="bbox 90 1202 1196 2154">
     <span class='ocr_line' id='line_1_9' title="bbox 200 1202 1159 1287; baseline 0.002 -22"><span class='ocrx_word' id='word_1_60' title='bbox 200 1202 309 1266; x_wconf 75' lang='lat' dir='ltr'><strong>Cicero</strong></span> <span class='ocrx_word' id='word_1_61' title='bbox 344 1208 463 1285; x_wconf 81' lang='lat' dir='ltr'><strong>autem,</strong></span> <span class='ocrx_word' id='word_1_62' title='bbox 498 1205 576 1287; x_wconf 90' lang='lat' dir='ltr'><strong>quid</strong></span> <span class='ocrx_word' id='word_1_63' title='bbox 610 1205 648 1267; x_wconf 93' lang='lat' dir='ltr'><strong>de</strong></span> <span class='ocrx_word' id='word_1_64' title='bbox 684 1205 743 1266; x_wconf 90' lang='lat' dir='ltr'><strong>hac</strong></span> <span class='ocrx_word' id='word_1_65' title='bbox 768 1202 902 1265; x_wconf 86' lang='lat' dir='ltr'>Antonii</span> <span class='ocrx_word' id='word_1_66' title='bbox 938 1204 1094 1266; x_wconf 89' lang='lat' dir='ltr'><strong>sententia</strong></span> <span class='ocrx_word' id='word_1_67' title='bbox 1127 1209 1159 1267; x_wconf 92' lang='lat' dir='ltr'><strong>et</strong></span> 
     </span>
     <span class='ocr_line' id='line_1_10' title="bbox 93 1310 1159 1393; baseline 0.002 -18"><span class='ocrx_word' id='word_1_68' title='bbox 93 1311 237 1375; x_wconf 90' lang='lat' dir='ltr'><strong>doctrina</strong></span> <span class='ocrx_word' id='word_1_69' title='bbox 271 1312 473 1393; x_wconf 80' lang='lat' dir='ltr'><strong>iudicaverit,</strong></span> <span class='ocrx_word' id='word_1_70' title='bbox 508 1312 658 1377; x_wconf 79' lang='lat' dir='ltr'><strong>Crassum</strong></span> <span class='ocrx_word' id='word_1_71' title='bbox 695 1313 734 1375; x_wconf 92' lang='lat' dir='ltr'><strong>de</strong></span> <span class='ocrx_word' id='word_1_72' title='bbox 766 1310 970 1393; x_wconf 67' lang='grc'>6611130,</span> <span class='ocrx_word' id='word_1_73' title='bbox 996 1313 1159 1377; x_wconf 86' lang='grc'>11916611</span> 
     </span>
     <span class='ocr_line' id='line_1_11' title="bbox 92 1421 1157 1505; baseline 0.005 -23"><span class='ocrx_word' id='word_1_74' title='bbox 92 1423 369 1502; x_wconf 82' lang='lat' dir='ltr'><strong>pronuntiantem,</strong></span> <span class='ocrx_word' id='word_1_75' title='bbox 403 1424 459 1505; x_wconf 91' lang='lat' dir='ltr'><strong>qui</strong></span> <span class='ocrx_word' id='word_1_76' title='bbox 493 1424 657 1505; x_wconf 91' lang='lat' dir='ltr'><strong>partitioni</strong></span> <span class='ocrx_word' id='word_1_77' title='bbox 693 1423 923 1504; x_wconf 72' lang='lat' dir='ltr'><strong>quaestionum</strong></span> <span class='ocrx_word' id='word_1_78' title='bbox 957 1421 1157 1487; x_wconf 90' lang='lat' dir='ltr'><strong>infinitarum</strong></span> 
     </span>
     <span class='ocr_line' id='line_1_12' title="bbox 91 1530 1159 1616; baseline 0.004 -25"><span class='ocrx_word' id='word_1_79' title='bbox 91 1530 170 1592; x_wconf 90' lang='lat' dir='ltr'><strong>haec</strong></span> <span class='ocrx_word' id='word_1_80' title='bbox 194 1530 291 1594; x_wconf 90' lang='lat' dir='ltr'><strong>verba</strong></span> <span class='ocrx_word' id='word_1_81' title='bbox 315 1532 479 1594; x_wconf 83' lang='lat' dir='ltr'><strong>adiunxit:</strong></span> <span class='ocrx_word' id='word_1_82' title='bbox 513 1532 708 1616; x_wconf 76' lang='lat' dir='ltr'><strong>„Explicatis</strong></span> <span class='ocrx_word' id='word_1_83' title='bbox 732 1532 830 1613; x_wconf 81' lang='lat' dir='ltr'><strong>igitur</strong></span> <span class='ocrx_word' id='word_1_84' title='bbox 853 1530 902 1592; x_wconf 92' lang='lat' dir='ltr'><strong>his</strong></span> <span class='ocrx_word' id='word_1_85' title='bbox 925 1530 1097 1611; x_wconf 82' lang='lat' dir='ltr'><strong>generibus</strong></span> <span class='ocrx_word' id='word_1_86' title='bbox 1122 1552 1159 1595; x_wconf 90' lang='lat' dir='ltr'><strong>ac</strong></span> 
     </span>
     <span class='ocr_line' id='line_1_13' title="bbox 92 1638 1158 1723; baseline -0.001 -22"><span class='ocrx_word' id='word_1_87' title='bbox 92 1640 195 1703; x_wconf 89' lang='lat' dir='ltr'><strong>modis</strong></span> <span class='ocrx_word' id='word_1_88' title='bbox 230 1640 499 1723; x_wconf 84' lang='lat' dir='ltr'><strong>disceptationum</strong></span> <span class='ocrx_word' id='word_1_89' title='bbox 533 1643 679 1703; x_wconf 90' lang='lat' dir='ltr'><strong>omnium</strong></span> <span class='ocrx_word' id='word_1_90' title='bbox 704 1638 783 1704; x_wconf 88' lang='lat' dir='ltr'><strong>nibil</strong></span> <span class='ocrx_word' id='word_1_91' title='bbox 807 1657 886 1701; x_wconf 91' lang='lat' dir='ltr'><strong>sane</strong></span> <span class='ocrx_word' id='word_1_92' title='bbox 909 1638 949 1700; x_wconf 92' lang='lat' dir='ltr'><strong>ad</strong></span> <span class='ocrx_word' id='word_1_93' title='bbox 973 1657 1040 1701; x_wconf 91' lang='lat' dir='ltr'><strong>rem</strong></span> <span class='ocrx_word' id='word_1_94' title='bbox 1063 1641 1158 1722; x_wconf 91' lang='lat' dir='ltr'><strong>perti-</strong></span> 
     </span>
     <span class='ocr_line' id='line_1_14' title="bbox 90 1745 1158 1833; baseline 0.002 -23"><span class='ocrx_word' id='word_1_95' title='bbox 90 1753 154 1823; x_wconf 91' lang='lat' dir='ltr'><strong>net,</strong></span> <span class='ocrx_word' id='word_1_96' title='bbox 191 1750 218 1809; x_wconf 92' lang='lat' dir='ltr'><strong>si</strong></span> <span class='ocrx_word' id='word_1_97' title='bbox 243 1750 363 1830; x_wconf 90' lang='lat' dir='ltr'><strong>quain</strong></span> <span class='ocrx_word' id='word_1_98' title='bbox 387 1767 421 1812; x_wconf 90' lang='lat' dir='ltr'><strong>re</strong></span> <span class='ocrx_word' id='word_1_99' title='bbox 445 1749 622 1833; x_wconf 86' lang='lat' dir='ltr'><strong>discrepuit</strong></span> <span class='ocrx_word' id='word_1_100' title='bbox 647 1749 686 1812; x_wconf 95' lang='lat' dir='ltr'><strong>ab</strong></span> <span class='ocrx_word' id='word_1_101' title='bbox 710 1749 842 1811; x_wconf 85' lang='lat' dir='ltr'><strong>Antonii</strong></span> <span class='ocrx_word' id='word_1_102' title='bbox 867 1745 1026 1812; x_wconf 89' lang='lat' dir='ltr'><strong>divisione</strong></span> <span class='ocrx_word' id='word_1_103' title='bbox 1050 1754 1158 1812; x_wconf 90' lang='lat' dir='ltr'><strong>nostra</strong></span> 
     </span>
     <span class='ocr_line' id='line_1_15' title="bbox 91 1856 1159 1941; baseline 0.002 -23"><span class='ocrx_word' id='word_1_104' title='bbox 91 1856 232 1938; x_wconf 84' lang='lat' dir='ltr'><strong>partitio.</strong></span> <span class='ocrx_word' id='word_1_105' title='bbox 300 1857 419 1922; x_wconf 84' lang='lat' dir='ltr'><strong>Eadem</strong></span> <span class='ocrx_word' id='word_1_106' title='bbox 457 1862 534 1922; x_wconf 89' lang='lat' dir='ltr'><strong>sunt</strong></span> <span class='ocrx_word' id='word_1_107' title='bbox 569 1856 712 1920; x_wconf 88' lang='lat' dir='ltr'><strong>membra</strong></span> <span class='ocrx_word' id='word_1_108' title='bbox 746 1859 782 1920; x_wconf 92' lang='lat' dir='ltr'><strong>in</strong></span> <span class='ocrx_word' id='word_1_109' title='bbox 814 1859 985 1941; x_wconf 87' lang='lat' dir='ltr'><strong>utriusque</strong></span> <span class='ocrx_word' id='word_1_110' title='bbox 1017 1858 1159 1940; x_wconf 89' lang='lat' dir='ltr'><strong>disputa-</strong></span> 
     </span>
     <span class='ocr_line' id='line_1_16' title="bbox 91 1966 1158 2051; baseline 0.003 -23"><span class='ocrx_word' id='word_1_111' title='bbox 91 1966 188 2045; x_wconf 77' lang='lat' dir='ltr'><strong>tione,</strong></span> <span class='ocrx_word' id='word_1_112' title='bbox 223 1967 279 2029; x_wconf 92' lang='lat' dir='ltr'><strong>sed</strong></span> <span class='ocrx_word' id='word_1_113' title='bbox 312 1968 422 2050; x_wconf 90' lang='lat' dir='ltr'><strong>paullo</strong></span> <span class='ocrx_word' id='word_1_114' title='bbox 457 1986 552 2031; x_wconf 91' lang='lat' dir='ltr'><strong>secus</strong></span> <span class='ocrx_word' id='word_1_115' title='bbox 588 1989 605 2030; x_wconf 92' lang='lat' dir='ltr'><strong>a</strong></span> <span class='ocrx_word' id='word_1_116' title='bbox 641 1987 692 2032; x_wconf 90' lang='lat' dir='ltr'><strong>me</strong></span> <span class='ocrx_word' id='word_1_117' title='bbox 716 1972 813 2051; x_wconf 90' lang='lat' dir='ltr'><strong>atque</strong></span> <span class='ocrx_word' id='word_1_118' title='bbox 837 1967 876 2030; x_wconf 91' lang='lat' dir='ltr'><strong>ab</strong></span> <span class='ocrx_word' id='word_1_119' title='bbox 901 1967 958 2031; x_wconf 93' lang='lat' dir='ltr'><strong>illo</strong></span> <span class='ocrx_word' id='word_1_120' title='bbox 983 1969 1098 2050; x_wconf 90' lang='lat' dir='ltr'><strong>partita</strong></span> <span class='ocrx_word' id='word_1_121' title='bbox 1121 1986 1158 2031; x_wconf 86' lang='lat' dir='ltr'><strong>ao</strong></span> 
     </span>
     <span class='ocr_line' id='line_1_17' title="bbox 93 2073 1196 2154; baseline 0.001 -17"><span class='ocrx_word' id='word_1_122' title='bbox 93 2073 292 2138; x_wconf 86' lang='lat' dir='ltr'><strong>distributa.“</strong></span> <span class='ocrx_word' id='word_1_123' title='bbox 1192 2147 1196 2154; x_wconf 43' lang='grc'>,</span> 
     </span>
    </p>

    <p class='ocr_par' dir='ltr' id='par_1_4' title="bbox 93 2183 1238 4130">
     <span class='ocr_line' id='line_1_18' title="bbox 201 2183 1238 2270; baseline 0 -25"><span class='ocrx_word' id='word_1_124' title='bbox 201 2183 285 2266; x_wconf 81' lang='lat' dir='ltr'><strong>Ergo</strong></span> <span class='ocrx_word' id='word_1_125' title='bbox 303 2185 412 2250; x_wconf 86' lang='lat' dir='ltr'><strong>Cicero</strong></span> <span class='ocrx_word' id='word_1_126' title='bbox 438 2186 477 2249; x_wconf 93' lang='lat' dir='ltr'><strong>de</strong></span> <span class='ocrx_word' id='word_1_127' title='bbox 500 2205 538 2249; x_wconf 91' lang='lat' dir='ltr'><strong>ea</strong></span> <span class='ocrx_word' id='word_1_128' title='bbox 561 2190 725 2267; x_wconf 84' lang='lat' dir='ltr'><strong>sententia,</strong></span> <span class='ocrx_word' id='word_1_129' title='bbox 749 2207 846 2270; x_wconf 79' lang='lat' dir='ltr'><strong>quam</strong></span> <span class='ocrx_word' id='word_1_130' title='bbox 870 2186 996 2270; x_wconf 92' lang='lat' dir='ltr'><strong>aperuit</strong></span> <span class='ocrx_word' id='word_1_131' title='bbox 1018 2183 1159 2246; x_wconf 90' lang='lat' dir='ltr'><strong>inlibris</strong></span> <span class='ocrx_word' id='word_1_132' title='bbox 1234 2204 1238 2209; x_wconf 93' lang='lat'>·</span> 
     </span>
     <span class='ocr_line' id='line_1_19' title="bbox 94 2292 1158 2382; baseline -0.001 -26"><span class='ocrx_word' id='word_1_133' title='bbox 94 2292 152 2370; x_wconf 83' lang='lat' dir='ltr'><strong>„de</strong></span> <span class='ocrx_word' id='word_1_134' title='bbox 175 2292 381 2358; x_wconf 65' lang='grc' dir='ltr'><strong>1616611666ιι</strong></span> <span class='ocrx_word' id='word_1_135' title='bbox 418 2297 653 2382; x_wconf 82' lang='lat' dir='ltr'><strong>superscriptis,</strong></span> <span class='ocrx_word' id='word_1_136' title='bbox 688 2295 890 2378; x_wconf 91' lang='lat' dir='ltr'><strong>aliquantum</strong></span> <span class='ocrx_word' id='word_1_137' title='bbox 926 2294 1071 2358; x_wconf 88' lang='lat' dir='ltr'><strong>decessit.</strong></span> <span class='ocrx_word' id='word_1_138' title='bbox 1118 2292 1158 2356; x_wconf 91' lang='lat' dir='ltr'><strong>In</strong></span> 
     </span>
     <span class='ocr_line' id='line_1_20' title="bbox 94 2401 1158 2486; baseline 0.002 -23"><span class='ocrx_word' id='word_1_139' title='bbox 94 2401 158 2464; x_wconf 90' lang='lat' dir='ltr'><strong>illis</strong></span> <span class='ocrx_word' id='word_1_140' title='bbox 182 2405 267 2466; x_wconf 90' lang='lat' dir='ltr'><strong>enim</strong></span> <span class='ocrx_word' id='word_1_141' title='bbox 292 2406 410 2481; x_wconf 89' lang='lat' dir='ltr'><strong>omnia,</strong></span> <span class='ocrx_word' id='word_1_142' title='bbox 435 2423 519 2486; x_wconf 91' lang='lat' dir='ltr'><strong>quae</strong></span> <span class='ocrx_word' id='word_1_143' title='bbox 544 2404 657 2468; x_wconf 84' lang='lat' dir='ltr'><strong>Graeci</strong></span> <span class='ocrx_word' id='word_1_144' title='bbox 680 2404 720 2467; x_wconf 89' lang='lat' dir='ltr'><strong>de</strong></span> <span class='ocrx_word' id='word_1_145' title='bbox 744 2405 802 2468; x_wconf 92' lang='lat' dir='ltr'><strong>hac</strong></span> <span class='ocrx_word' id='word_1_146' title='bbox 826 2424 860 2468; x_wconf 88' lang='lat' dir='ltr'><strong>re</strong></span> <span class='ocrx_word' id='word_1_147' title='bbox 885 2405 1074 2484; x_wconf 81' lang='lat' dir='ltr'><strong>docuerunt,</strong></span> <span class='ocrx_word' id='word_1_148' title='bbox 1097 2402 1158 2465; x_wconf 93' lang='lat' dir='ltr'><strong>sibi</strong></span> 
     </span>
     <span class='ocr_line' id='line_1_21' title="bbox 95 2510 1158 2598; baseline 0.001 -26"><span class='ocrx_word' id='word_1_149' title='bbox 95 2510 256 2574; x_wconf 87' lang='lat' dir='ltr'><strong>afferenda</strong></span> <span class='ocrx_word' id='word_1_150' title='bbox 291 2520 322 2576; x_wconf 94' lang='lat' dir='ltr'><strong>et</strong></span> <span class='ocrx_word' id='word_1_151' title='bbox 357 2515 520 2577; x_wconf 90' lang='lat' dir='ltr'><strong>tractanda</strong></span> <span class='ocrx_word' id='word_1_152' title='bbox 555 2532 625 2577; x_wconf 88' lang='lat' dir='ltr'><strong>esse</strong></span> <span class='ocrx_word' id='word_1_153' title='bbox 648 2515 783 2597; x_wconf 79' lang='lat' dir='ltr'><strong>putarit,</strong></span> <span class='ocrx_word' id='word_1_154' title='bbox 819 2533 1016 2598; x_wconf 89' lang='lat' dir='ltr'><strong>quamquam</strong></span> <span class='ocrx_word' id='word_1_155' title='bbox 1042 2531 1158 2595; x_wconf 86' lang='lat' dir='ltr'><strong>negare</strong></span> 
     </span>
     <span class='ocr_line' id='line_1_22' title="bbox 95 2622 1157 2706; baseline 0.002 -24"><span class='ocrx_word' id='word_1_156' title='bbox 95 2638 160 2683; x_wconf 91' lang='lat' dir='ltr'><strong>non</strong></span> <span class='ocrx_word' id='word_1_157' title='bbox 185 2639 365 2705; x_wconf 84' lang='lat' dir='ltr'><strong>possumus,</strong></span> <span class='ocrx_word' id='word_1_158' title='bbox 389 2643 464 2686; x_wconf 93' lang='lat' dir='ltr'><strong>eum</strong></span> <span class='ocrx_word' id='word_1_159' title='bbox 488 2625 552 2686; x_wconf 92' lang='lat' dir='ltr'><strong>iam</strong></span> <span class='ocrx_word' id='word_1_160' title='bbox 576 2622 639 2686; x_wconf 91' lang='lat' dir='ltr'><strong>illis</strong></span> <span class='ocrx_word' id='word_1_161' title='bbox 663 2623 862 2706; x_wconf 89' lang='lat' dir='ltr'><strong>temporibus</strong></span> <span class='ocrx_word' id='word_1_162' title='bbox 886 2625 919 2687; x_wconf 91' lang='lat' dir='ltr'><strong>id</strong></span> <span class='ocrx_word' id='word_1_163' title='bbox 943 2623 1157 2697; x_wconf 87' lang='lat' dir='ltr'><strong>contendisse,</strong></span> 
     </span>
     <span class='ocr_line' id='line_1_23' title="bbox 95 2731 1156 2816; baseline 0.003 -25"><span class='ocrx_word' id='word_1_164' title='bbox 95 2733 132 2791; x_wconf 93' lang='lat' dir='ltr'><strong>ut</strong></span> <span class='ocrx_word' id='word_1_165' title='bbox 166 2747 213 2810; x_wconf 81' lang='lat' dir='ltr'><strong>ea,</strong></span> <span class='ocrx_word' id='word_1_166' title='bbox 249 2751 331 2813; x_wconf 89' lang='lat' dir='ltr'><strong>quae</strong></span> <span class='ocrx_word' id='word_1_167' title='bbox 362 2751 429 2795; x_wconf 91' lang='lat' dir='ltr'><strong>non</strong></span> <span class='ocrx_word' id='word_1_168' title='bbox 464 2738 548 2796; x_wconf 87' lang='lat' dir='ltr'><strong>recte</strong></span> <span class='ocrx_word' id='word_1_169' title='bbox 578 2750 648 2795; x_wconf 89' lang='lat' dir='ltr'><strong>sese</strong></span> <span class='ocrx_word' id='word_1_170' title='bbox 672 2731 789 2795; x_wconf 91' lang='lat' dir='ltr'><strong>habere</strong></span> <span class='ocrx_word' id='word_1_171' title='bbox 814 2734 948 2816; x_wconf 85' lang='lat' dir='ltr'><strong>putavit,</strong></span> <span class='ocrx_word' id='word_1_172' title='bbox 971 2733 1156 2812; x_wconf 77' lang='lat' dir='ltr'><strong>corrigeret3</strong></span> 
     </span>
     <span class='ocr_line' id='line_1_24' title="bbox 94 2839 1159 2930; baseline 0 -30"><span class='ocrx_word' id='word_1_173' title='bbox 94 2839 141 2901; x_wconf 90' lang='lat' dir='ltr'><strong>sic</strong></span> <span class='ocrx_word' id='word_1_174' title='bbox 177 2839 325 2930; x_wconf 82' lang='lat' dir='ltr'><strong>videmus</strong></span> <span class='ocrx_word' id='word_1_175' title='bbox 356 2860 430 2905; x_wconf 88' lang='lat' dir='ltr'><strong>eum</strong></span> <span class='ocrx_word' id='word_1_176' title='bbox 466 2842 506 2904; x_wconf 95' lang='lat' dir='ltr'><strong>de</strong></span> <span class='ocrx_word' id='word_1_177' title='bbox 539 2843 607 2903; x_wconf 83' lang='lat' dir='ltr'><strong>inv.</strong></span> <span class='ocrx_word' id='word_1_178' title='bbox 635 2840 661 2916; x_wconf 88' lang='lat' dir='ltr'><strong>I,</strong></span> <span class='ocrx_word' id='word_1_179' title='bbox 688 2840 715 2916; x_wconf 84' lang='lat'><strong>9,</strong></span> <span class='ocrx_word' id='word_1_180' title='bbox 742 2840 781 2900; x_wconf 83' lang='grc'><strong>12</strong></span> <span class='ocrx_word' id='word_1_181' title='bbox 818 2859 907 2921; x_wconf 88' lang='lat' dir='ltr'><strong>sequ.</strong></span> <span class='ocrx_word' id='word_1_182' title='bbox 943 2839 1092 2901; x_wconf 88' lang='lat' dir='ltr'><strong>acerbius</strong></span> <span class='ocrx_word' id='word_1_183' title='bbox 1128 2842 1159 2901; x_wconf 91' lang='lat' dir='ltr'><strong>et</strong></span> 
     </span>
     <span class='ocr_line' id='line_1_25' title="bbox 96 2947 1160 3032; baseline 0 -22"><span class='ocrx_word' id='word_1_184' title='bbox 96 2949 321 3013; x_wconf 87' lang='lat' dir='ltr'><strong>vehementius</strong></span> <span class='ocrx_word' id='word_1_185' title='bbox 345 2952 379 3012; x_wconf 93' lang='lat' dir='ltr'><strong>in</strong></span> <span class='ocrx_word' id='word_1_186' title='bbox 394 2949 627 3032; x_wconf 85' lang='lat' dir='ltr'><strong>Hermagoram</strong></span> <span class='ocrx_word' id='word_1_187' title='bbox 652 2948 814 3012; x_wconf 80' lang='lat' dir='ltr'><strong>invehere.</strong></span> <span class='ocrx_word' id='word_1_188' title='bbox 850 2948 893 3011; x_wconf 87' lang='lat' dir='ltr'><strong>At</strong></span> <span class='ocrx_word' id='word_1_189' title='bbox 916 2947 1005 3010; x_wconf 90' lang='lat' dir='ltr'><strong>illam</strong></span> <span class='ocrx_word' id='word_1_190' title='bbox 1029 2966 1160 3010; x_wconf 88' lang='lat' dir='ltr'><strong>accura-</strong></span> 
     </span>
     <span class='ocr_line' id='line_1_26' title="bbox 95 3057 1159 3140; baseline -0.001 -21"><span class='ocrx_word' id='word_1_191' title='bbox 95 3057 252 3120; x_wconf 89' lang='lat' dir='ltr'><strong>tissimam</strong></span> <span class='ocrx_word' id='word_1_192' title='bbox 277 3063 417 3123; x_wconf 86' lang='lat' dir='ltr'><strong>statuum</strong></span> <span class='ocrx_word' id='word_1_193' title='bbox 443 3064 473 3122; x_wconf 90' lang='lat' dir='ltr'><strong>et</strong></span> <span class='ocrx_word' id='word_1_194' title='bbox 497 3058 763 3121; x_wconf 88' lang='lat' dir='ltr'><strong>constitutionum</strong></span> <span class='ocrx_word' id='word_1_195' title='bbox 787 3058 990 3140; x_wconf 88' lang='lat' dir='ltr'><strong>partitionem</strong></span> <span class='ocrx_word' id='word_1_196' title='bbox 1010 3057 1044 3119; x_wconf 90' lang='lat' dir='ltr'><strong>in</strong></span> <span class='ocrx_word' id='word_1_197' title='bbox 1060 3058 1159 3140; x_wconf 88' lang='lat' dir='ltr'><strong>scrip·</strong></span> 
     </span>
     <span class='ocr_line' id='line_1_27' title="bbox 95 3167 1158 3249; baseline 0.001 -21"><span class='ocrx_word' id='word_1_198' title='bbox 95 3167 138 3229; x_wconf 88' lang='lat' dir='ltr'><strong>tis</strong></span> <span class='ocrx_word' id='word_1_199' title='bbox 176 3168 407 3249; x_wconf 89' lang='lat' dir='ltr'><strong>posterioribus</strong></span> <span class='ocrx_word' id='word_1_200' title='bbox 450 3188 514 3231; x_wconf 92' lang='lat' dir='ltr'><strong>non</strong></span> <span class='ocrx_word' id='word_1_201' title='bbox 550 3167 701 3245; x_wconf 87' lang='lat' dir='ltr'><strong>retinuit;</strong></span> <span class='ocrx_word' id='word_1_202' title='bbox 748 3169 937 3249; x_wconf 88' lang='lat' dir='ltr'><strong>plerumque</strong></span> <span class='ocrx_word' id='word_1_203' title='bbox 974 3167 1058 3228; x_wconf 91' lang='lat' dir='ltr'><strong>enim</strong></span> <span class='ocrx_word' id='word_1_204' title='bbox 1093 3171 1158 3229; x_wconf 83' lang='lat' dir='ltr'><strong>tres</strong></span> 
     </span>
     <span class='ocr_line' id='line_1_28' title="bbox 95 3274 1160 3356; baseline 0 -18"><span class='ocrx_word' id='word_1_205' title='bbox 95 3277 339 3342; x_wconf 87' lang='lat' dir='ltr'><strong>constitutiones</strong></span> <span class='ocrx_word' id='word_1_206' title='bbox 374 3279 493 3341; x_wconf 91' lang='lat' dir='ltr'><strong>attulit:</strong></span> <span class='ocrx_word' id='word_1_207' title='bbox 530 3275 788 3354; x_wconf 72' lang='lat' dir='ltr'><strong>coniecturalem,</strong></span> <span class='ocrx_word' id='word_1_208' title='bbox 821 3274 1029 3351; x_wconf 78' lang='lat' dir='ltr'><strong>definitivam,</strong></span> <span class='ocrx_word' id='word_1_209' title='bbox 1064 3293 1160 3356; x_wconf 83' lang='lat' dir='ltr'><strong>gene·</strong></span> 
     </span>
     <span class='ocr_line' id='line_1_29' title="bbox 95 3385 1162 3470; baseline 0 -22"><span class='ocrx_word' id='word_1_210' title='bbox 95 3386 214 3467; x_wconf 90' lang='lat' dir='ltr'><strong>ralem;</strong></span> <span class='ocrx_word' id='word_1_211' title='bbox 253 3388 318 3470; x_wconf 84' lang='lat' dir='ltr'><strong>sed,</strong></span> <span class='ocrx_word' id='word_1_212' title='bbox 341 3394 377 3451; x_wconf 92' lang='lat' dir='ltr'><strong>ut</strong></span> <span class='ocrx_word' id='word_1_213' title='bbox 401 3387 535 3450; x_wconf 83' lang='lat' dir='ltr'><strong>Crassus</strong></span> <span class='ocrx_word' id='word_1_214' title='bbox 559 3386 598 3448; x_wconf 92' lang='lat' dir='ltr'><strong>de</strong></span> <span class='ocrx_word' id='word_1_215' title='bbox 622 3404 664 3447; x_wconf 91' lang='lat' dir='ltr'><strong>or.</strong></span> <span class='ocrx_word' id='word_1_216' title='bbox 688 3385 713 3467; x_wconf 91' lang='grc' dir='ltr'><strong>Ι,</strong></span> <span class='ocrx_word' id='word_1_217' title='bbox 739 3385 788 3468; x_wconf 89' lang='grc'><strong>31,</strong></span> <span class='ocrx_word' id='word_1_218' title='bbox 814 3386 877 3448; x_wconf 87' lang='grc'><strong>139</strong></span> <span class='ocrx_word' id='word_1_219' title='bbox 901 3385 1162 3448; x_wconf 88' lang='lat' dir='ltr'><strong>constitutionem</strong></span> 
     </span>
     <span class='ocr_line' id='line_1_30' title="bbox 94 3494 1161 3579; baseline 0 -22"><span class='ocrx_word' id='word_1_220' title='bbox 94 3495 309 3560; x_wconf 88' lang='lat' dir='ltr'><strong>iuridicialem</strong></span> <span class='ocrx_word' id='word_1_221' title='bbox 340 3499 438 3561; x_wconf 91' lang='lat' dir='ltr'><strong>statui</strong></span> <span class='ocrx_word' id='word_1_222' title='bbox 464 3496 625 3579; x_wconf 83' lang='lat' dir='ltr'><strong>qualitatis</strong></span> <span class='ocrx_word' id='word_1_223' title='bbox 649 3495 806 3576; x_wconf 74' lang='lat' dir='ltr'><strong>adiunxit,</strong></span> <span class='ocrx_word' id='word_1_224' title='bbox 830 3494 862 3557; x_wconf 94' lang='lat' dir='ltr'><strong>id</strong></span> <span class='ocrx_word' id='word_1_225' title='bbox 886 3496 973 3578; x_wconf 90' lang='lat' dir='ltr'><strong>quod</strong></span> <span class='ocrx_word' id='word_1_226' title='bbox 999 3496 1161 3558; x_wconf 86' lang='lat' dir='ltr'><strong>Antonius</strong></span> 
     </span>
     <span class='ocr_line' id='line_1_31' title="bbox 95 3603 1159 3688; baseline -0.003 -21"><span class='ocrx_word' id='word_1_227' title='bbox 95 3604 135 3668; x_wconf 86' lang='lat' dir='ltr'><strong>do</strong></span> <span class='ocrx_word' id='word_1_228' title='bbox 168 3625 212 3670; x_wconf 92' lang='lat' dir='ltr'><strong>or.</strong></span> <span class='ocrx_word' id='word_1_229' title='bbox 238 3606 357 3688; x_wconf 62' lang='grc'>1126,</span> <span class='ocrx_word' id='word_1_230' title='bbox 383 3608 446 3670; x_wconf 87' lang='grc'><strong>113</strong></span> <span class='ocrx_word' id='word_1_231' title='bbox 480 3604 683 3688; x_wconf 78' lang='lat' dir='ltr'><strong>improbavit,</strong></span> <span class='ocrx_word' id='word_1_232' title='bbox 717 3607 762 3668; x_wconf 89' lang='lat' dir='ltr'><strong>ita</strong></span> <span class='ocrx_word' id='word_1_233' title='bbox 797 3603 910 3668; x_wconf 82' lang='lat' dir='ltr'><strong>Cicero</strong></span> <span class='ocrx_word' id='word_1_234' title='bbox 942 3610 1006 3686; x_wconf 87' lang='lat' dir='ltr'><strong>top.</strong></span> <span class='ocrx_word' id='word_1_235' title='bbox 1042 3605 1093 3683; x_wconf 78' lang='lat'><strong>24,</strong></span> <span class='ocrx_word' id='word_1_236' title='bbox 1120 3604 1159 3665; x_wconf 81' lang='lat'><strong>92</strong></span> 
     </span>
     <span class='ocr_line' id='line_1_32' title="bbox 94 3711 1161 3799; baseline -0.004 -20"><span class='ocrx_word' id='word_1_237' title='bbox 94 3734 165 3779; x_wconf 88' lang='lat' dir='ltr'><strong>eam</strong></span> <span class='ocrx_word' id='word_1_238' title='bbox 189 3717 459 3795; x_wconf 81' lang='lat' dir='ltr'><strong>constitutionem,</strong></span> <span class='ocrx_word' id='word_1_239' title='bbox 484 3716 617 3779; x_wconf 88' lang='lat' dir='ltr'><strong>fortasse</strong></span> <span class='ocrx_word' id='word_1_240' title='bbox 642 3717 716 3799; x_wconf 91' lang='lat' dir='ltr'><strong>quia</strong></span> <span class='ocrx_word' id='word_1_241' title='bbox 740 3716 866 3797; x_wconf 86' lang='lat' dir='ltr'><strong>saepius</strong></span> <span class='ocrx_word' id='word_1_242' title='bbox 889 3717 922 3776; x_wconf 91' lang='lat' dir='ltr'><strong>in</strong></span> <span class='ocrx_word' id='word_1_243' title='bbox 946 3715 1014 3776; x_wconf 91' lang='lat' dir='ltr'><strong>foro</strong></span> <span class='ocrx_word' id='word_1_244' title='bbox 1032 3711 1161 3775; x_wconf 91' lang='lat' dir='ltr'><strong>adhibe·</strong></span> 
     </span>
     <span class='ocr_line' id='line_1_33' title="bbox 93 3823 1161 3907; baseline -0.005 -19"><span class='ocrx_word' id='word_1_245' title='bbox 93 3823 204 3907; x_wconf 84' lang='lat' dir='ltr'><strong>batur,</strong></span> <span class='ocrx_word' id='word_1_246' title='bbox 245 3828 377 3889; x_wconf 94' lang='lat' dir='ltr'><strong>omnino</strong></span> <span class='ocrx_word' id='word_1_247' title='bbox 417 3827 492 3889; x_wconf 89' lang='lat' dir='ltr'><strong>huic</strong></span> <span class='ocrx_word' id='word_1_248' title='bbox 533 3826 632 3889; x_wconf 90' lang='lat' dir='ltr'><strong>statui</strong></span> <span class='ocrx_word' id='word_1_249' title='bbox 667 3825 817 3906; x_wconf 88' lang='lat' dir='ltr'><strong>praetulit</strong></span> <span class='ocrx_word' id='word_1_250' title='bbox 852 3825 987 3905; x_wconf 89' lang='lat' dir='ltr'><strong>eiusque</strong></span> <span class='ocrx_word' id='word_1_251' title='bbox 1019 3823 1092 3886; x_wconf 89' lang='lat' dir='ltr'><strong>loco</strong></span> <span class='ocrx_word' id='word_1_252' title='bbox 1126 3823 1161 3884; x_wconf 88' lang='lat' dir='ltr'><strong>iu</strong></span> 
     </span>
     <span class='ocr_line' id='line_1_34' title="bbox 94 3931 1161 4019; baseline -0.005 -20"><span class='ocrx_word' id='word_1_253' title='bbox 94 3955 267 4000; x_wconf 91' lang='lat' dir='ltr'><strong>numerum</strong></span> <span class='ocrx_word' id='word_1_254' title='bbox 305 3941 446 3999; x_wconf 87' lang='lat' dir='ltr'><strong>statuum</strong></span> <span class='ocrx_word' id='word_1_255' title='bbox 481 3936 708 4019; x_wconf 90' lang='lat' dir='ltr'><strong>principalium</strong></span> <span class='ocrx_word' id='word_1_256' title='bbox 743 3934 873 4016; x_wconf 84' lang='lat' dir='ltr'><strong>recepit.</strong></span> <span class='ocrx_word' id='word_1_257' title='bbox 931 3931 1034 3995; x_wconf 89' lang='lat' dir='ltr'><strong>Multo</strong></span> <span class='ocrx_word' id='word_1_258' title='bbox 1058 3933 1161 4014; x_wconf 86' lang='lat' dir='ltr'><strong>magis</strong></span> 
     </span>
     <span class='ocr_line' id='line_1_35' title="bbox 93 4043 1162 4130; baseline -0.006 -20"><span class='ocrx_word' id='word_1_259' title='bbox 93 4050 201 4110; x_wconf 89' lang='lat' dir='ltr'><strong>autem</strong></span> <span class='ocrx_word' id='word_1_260' title='bbox 225 4047 258 4109; x_wconf 92' lang='lat' dir='ltr'><strong>in</strong></span> <span class='ocrx_word' id='word_1_261' title='bbox 282 4045 427 4130; x_wconf 89' lang='lat' dir='ltr'><strong>partibus</strong></span> <span class='ocrx_word' id='word_1_262' title='bbox 451 4046 577 4128; x_wconf 85' lang='lat' dir='ltr'><strong>generis</strong></span> <span class='ocrx_word' id='word_1_263' title='bbox 602 4044 713 4127; x_wconf 78' lang='lat' dir='ltr'><strong>legalis</strong></span> <span class='ocrx_word' id='word_1_264' title='bbox 737 4043 887 4105; x_wconf 84' lang='lat' dir='ltr'><strong>variavit:</strong></span> <span class='ocrx_word' id='word_1_265' title='bbox 921 4043 955 4104; x_wconf 93' lang='lat' dir='ltr'><strong>in</strong></span> <span class='ocrx_word' id='word_1_266' title='bbox 988 4043 1080 4108; x_wconf 91' lang='lat' dir='ltr'><strong>libris</strong></span> <span class='ocrx_word' id='word_1_267' title='bbox 1104 4043 1162 4125; x_wconf 78' lang='lat' dir='ltr'><strong>„de</strong></span> 
     </span>
    </p>
   </div>
   <div class='ocr_carea' id='block_1_3' title="bbox 0 0 1350 4560">
    <p class='ocr_par' dir='ltr' id='par_1_5' title="bbox 0 0 1350 4560">
     <span class='ocr_line' id='line_1_36' title="bbox 0 0 1350 4560; baseline 0 0"><span class='ocrx_word' id='word_1_268' title='bbox 0 0 1350 4560; x_wconf 95' lang='lat' dir='ltr'><strong> </strong></span> 
     </span>
    </p>
   </div>
  </div>
 </body>
</html>
