2686 4560
586 275 761 338 ...84-

144 454 266 537 aliquid
291 454 383 534 eruit,
412 453 516 537 „quod
541 455 725 536 expositum
750 458 781 516 et
804 473 860 537 per
887 473 921 518 se
946 456 1111 538 cognitum
1149 474 1215 519 sua

143 584 177 628 sc
203 565 233 626 vi
257 569 287 627 et
310 564 434 626 ratione
458 560 670 646 confirmet‘tl)
695 562 750 625 alii
775 561 861 625 aliud
885 567 1173 648 praescripserunt.

246 672 328 737 Sunt
362 673 458 752 enim,
493 673 549 755 qui
583 691 653 735 eam
695 673 727 733 in
772 672 916 754 quinque
957 680 1063 756 partes
1100 675 1211 738 distri·

139 779 288 865 boarit)
312 782 366 865 qui
397 781 536 863 primum
572 781 861 863 argumentationis
892 799 1050 845 summam
1085 786 1209 866 exponi

139 892 260 974 iubent,
285 891 399 954 deinde
423 909 491 953 eam
516 891 548 953 in
584 890 681 953 altera
714 895 804 973 parte
840 888 1022 972 approbari,
1052 895 1124 954 tum
1162 911 1209 973 ea,

139 1019 240 1083 „quae
264 1000 430 1064 ostendere
464 1001 584 1080 volunt,
608 1019 648 1063 ex
684 1001 715 1062 vi
747 1000 974 1083 propositionis
1010 1002 1208 1064 assumenda

140 1111 228 1172 assd‘
252 1110 366 1173 docent
389 1111 524 1191 eiusque
547 1110 775 1191 assumptionis
799 1113 932 1190 ,‚quarto
956 1110 991 1170 in
1014 1109 1085 1172 loco
1108 1109 1206 1173 aliam

140 1237 233 1301 porro
256 1218 418 1280 inducunt
441 1217 736 1300 approbationem;“
761 1219 906 1299 quintam
938 1224 1045 1280 autem
1080 1224 1207 1302 partem

140 1327 396 1410 complexionem
421 1333 545 1408 vocant,
569 1345 669 1408 „quae
694 1331 749 1388 aut
771 1326 869 1389 infert
892 1326 1006 1407 solum,
1042 1327 1130 1408 quod
1166 1347 1219 1392 en

140 1436 289 1500 omnibus
312 1435 456 1519 partibus
480 1437 635 1518 cogitur.
662 1485 669 1499 .
693 1485 699 1498 .
723 1441 778 1498 aut
802 1454 905 1498 unum
928 1437 963 1497 in
986 1436 1094 1499 locum
1129 1457 1222 1501 cum

141 1547 333 1609 conduxerit
356 1545 496 1609 breviter
518 1547 768 1628 propositionem
788 1550 843 1608 aut
866 1546 1127 1627 assumptionem,
1154 1547 1236 1610 ad-

138 1657 251 1737 iungit,
266 1656 396 1738 quidex
421 1657 471 1719 his
484 1655 700 1719 conficiatur.“
747 1653 832 1717 Sunt
854 1655 954 1736 igitur
968 1653 1042 1716 illae
1059 1657 1239 1738 quinqu&

138 1771 257 1848 partes:
284 1766 314 1828 1.
337 1766 524 1847 propositi03
556 1766 585 1826 2.
614 1765 840 1847 propositionis
876 1762 1077 1846 approbatio;
1104 1765 1132 1826 3.
1158 1785 1220 1828 as-

136 1876 290 1956 sumptio,
317 1876 346 1938 4.
372 1874 603 1955 assumptionis
627 1873 831 1955 approbatio;
858 1874 886 1936 5.
913 1870 1129 1955 complexio.³)

243 1983 321 2064 Alii,
347 1984 404 2066 qui
427 1993 490 2047 tres
514 1984 611 2046 modo
633 1988 740 2065 partes
775 1982 1012 2046 ratiocinationi
1036 1981 1216 2046 subiciunt

135 2093 386 2177 propositionem
422 2097 454 2155 'et
488 2093 715 2176 propositionis
750 2091 1012 2177 approbationem
1058 2092 1214 2175 itemque

136 2203 388 2286 assumptionem
414 2204 551 2285 eiusque
588 2201 849 2285 approbationem
885 2200 1090 2279 contrahunt,
1127 2221 1205 2265 oum

137 2314 177 2376 iis
202 2313 279 2376 satis
303 2330 372 2376 esse
395 2312 542 2375 videatur
558 2313 817 2395 propositionem,
835 2311 1101 2392 assumptionem,
1117 2331 1202 2374 com·

136 2420 322 2504 plexionem
346 2439 545 2486 enumerare.

243 2529 389 2593 Ciceroni
414 2536 530 2610 autem,
566 2535 602 2592 ut
636 2531 705 2613 ipse
741 2531 822 2593 dixit
857 2530 896 2591 de
931 2529 996 2590 inv.
1021 2527 1045 2609 I,
1071 2530 1122 2611 35,
1152 2529 1201 2611 61,

134 2639 210 2720 „illa
233 2640 370 2721 partitio,
406 2658 488 2721 quae
517 2640 552 2700 in
582 2640 725 2720 quinque
753 2643 858 2721 partes
881 2636 1002 2700 tributa
1026 2642 1082 2720 est,
1116 2658 1199 2702 oom-

136 2748 262 2811 modior
290 2749 377 2812 esse“
411 2747 591 2812 videbatur.
651 2745 778 2822 Quibus
805 2746 902 2810 rebus
927 2752 1107 2811 commotus
1132 2767 1200 2811 eam

134 2858 325 2941 probaverit,
350 2859 388 2922 de
411 2860 478 2924 inv.
502 2858 528 2939 I,
563 2855 615 2939 36,
645 2857 785 2939 62-37,
810 2856 851 2918 66
887 2855 1034 2923 uberius,
1051 2859 1202 2938 exposuit

133 2969 187 3046 ita,
213 2974 247 3031 ut
270 2969 404 3031 eandem
429 2968 752 3051 argumentationem,
786 2986 850 3048 qua
878 2967 1134 3051 propositionem
1162 2966 1203 3029 ab

134 3079 204 3140 eius
228 3077 457 3160 approbatione
481 3077 695 3158 separandum
720 3094 790 3139 esse
815 3075 1056 3152 demonstravit,
1085 3074 1202 3138 iisdem

90 3206 91 3210 ¹
132 3186 240 3250 verbis
262 3191 428 3269 repeteret,
447 3185 504 3248 ubi
528 3186 566 3248 de
590 3186 810 3267 assumptione
827 3185 867 3248 ab
885 3187 955 3248 eius
971 3184 1205 3267 approbatione

131 3295 343 3378 disiungenda
367 3297 441 3377 egit.

239 3404 301 3467 Sed
337 3424 535 3486 quamquam
578 3405 647 3467 sine
688 3404 753 3467 ulla
792 3402 991 3466 dubitatione
1029 3405 1206 3467 ratiocina-

130 3515 251 3577 tionem
277 3513 568 3596 quinquepertitam
599 3512 774 3595 tripertitae
803 3512 963 3595 praetulit,
991 3516 1099 3575 tamen
1130 3530 1202 3576 eam

133 3641 258 3705 semper
293 3641 333 3685 ex
367 3621 517 3685 omnibus
546 3624 691 3705 quinque
725 3622 872 3706 partibus
906 3626 1052 3685 constare
1082 3621 1207 3688 debere

131 3753 261 3816 prorsus
290 3753 355 3796 non
384 3731 556 3812 contendit,
590 3737 627 3794 ut
656 3751 729 3795 cum
762 3752 804 3795 err
832 3732 888 3793 illa
912 3733 1206 3816 argumentatione,

132 3863 195 3925 qua
223 3845 399 3906 sententiae
438 3860 515 3904 suae
546 3840 800 3925 comprobandae
836 3860 934 3904 causa
969 3859 1050 3904 usus
1086 3846 1137 3904 est
1165 3843 1202 3906 in

238 3984 262 4051 1)
282 3954 390 4036 oe'rnv.
410 3983 431 4048 1,
451 3986 539 4048 arsa
558 3981 603 4036 co.
624 3984 657 4036 ae
675 3984 742 4052 part.
763 3998 800 4040 or.
825 3987 910 4047 reae.

235 4078 261 4136 2)
282 4076 315 4130 de
331 4075 385 4131 inv.
406 4073 429 4139 Ι,
450 4077 609 4137 etas-59.
822 4074 848 4143 3)
868 4075 901 4128 de
918 4074 974 4128 inv.
993 4072 1015 4142 I,
1035 4076 1126 4139 37,67.
