2618 4560
512 89 690 149 ,65-

63 266 181 328 titione
217 264 476 346 coniungendam
512 285 582 330 esse
616 266 818 348 arbitramur,
855 269 930 350 quia
953 268 993 331 de
1015 270 1081 332 inu
1105 270 1131 349 Ι,

61 373 116 456 22,
151 374 191 436 31
229 393 321 456 sequ.
357 374 390 434 in
413 374 516 456 prima
538 381 628 456 parte
652 377 870 458 „partitionis‘
895 376 1005 440 eadem
1029 379 1103 459 prof
1119 415 1132 424 -

62 490 196 561 runtur,
221 502 305 566 quae
328 483 367 545 de
390 484 607 565 propositione
631 484 766 548 dicenda
790 491 879 568 sunt3
905 486 1030 565 deinde,
1054 488 1131 569 quia

64 593 243 676 propositio
277 593 348 674 ipsa
371 591 478 655 verbis
502 595 619 675 apertis
643 595 682 656 de
706 613 750 658 or.
775 595 801 676 Ι,
825 597 876 676 31,
902 597 979 674 1433
1012 594 1054 676 H,
1079 597 1129 676 19,

66 704 122 783 803
159 703 211 784 80,
237 701 298 764 331
324 702 516 785 postulatur.
563 705 884 786 Argumentationem
908 713 1013 768 autern
1038 725 1131 786 quar-

64 818 128 874 tam
153 816 278 894 partem
302 813 455 874 orationis
473 812 633 894 appellare
646 812 805 891 volumus,
830 814 917 896 quod
932 813 1130 877 confirmatio

68 939 85 981 a
118 921 368 1003 reprehensione
397 923 535 1003 separari
564 940 629 983 non
651 927 767 1005 potest,
803 923 859 986 sed
882 941 1009 1005 semper
1031 923 1130 986 altera

71 1028 199 1092 alterius
223 1031 381 1093 rationem
411 1029 529 1094 habere
553 1031 655 1113 debet,
689 1032 774 1094 sicut
796 1039 906 1114 postea
930 1032 1131 1095 demonstra-

73 1135 162 1216 bitur,
197 1138 255 1202 ubi
279 1140 374 1202 latius
398 1146 429 1202 ct
451 1139 557 1203 fusius
582 1142 620 1204 de
644 1143 922 1222 argumentatione
946 1140 1128 1222 dicemus.²)

181 1390 185 1395 ’
224 1394 228 1399 ’
307 1415 336 1496 Ι.
380 1417 427 1496 De
455 1438 580 1518 genere
608 1389 899 1500 demonstrativo.

177 1562 214 1625 in
238 1582 355 1646 genere
380 1564 640 1645 demonstrativo³
676 1564 732 1628 ubi
755 1571 812 1628 aut
833 1565 944 1629 iaudat
967 1570 1024 1628 aut
1046 1567 1131 1628 vitu·

17 1752 20 1756 Δ
68 1677 158 1753 perat
195 1677 310 1752 orator,
348 1674 412 1736 loci
445 1693 487 1737 ex
516 1675 556 1736 iis
590 1673 688 1737 rebus
723 1680 897 1738 sumantur
926 1679 1057 1756 oportet,
1096 1679 1132 1736 ut

66 1779 178 1844 Cicero
213 1782 253 1844 de
284 1784 351 1845 inv,
376 1782 420 1863 ΙΙ,
445 1784 497 1864 59,
523 1783 697 1845 177-118
736 1784 837 1864 docet,
872 1801 954 1866 quae
987 1783 1132 1866 personis

60 1888 238 1953 attributae
270 1896 365 1971 sunt3
402 1893 513 1975 itaque
547 1898 652 1955 orator
682 1895 826 1956 animum
851 1894 1016 1955 advertere
1040 1891 1133 1955 debet
1225 1931 1227 1935 -

60 1997 265 2083 adnomen,
288 2009 446 2084 naturam,
469 2003 602 2083 victum,
623 2001 794 2081 fortunam,
817 2001 971 2082 habitum,
995 2000 1132 2064 affectio-

54 2124 156 2190 nem,
178 2110 293 2192 studia,
317 2111 459 2190 consilia,
490 2109 582 2188 facta,
617 2105 817 2193 orationes32)
853 2128 1010 2191 quaeres
1034 2110 1132 2171 etiam

53 2213 100 2274 in
133 2219 279 2299 animum,
312 2238 438 2302 corpus,
461 2221 616 2283 extrarias
639 2216 717 2304 res3)
740 2218 980 2282 distribuuntur
1009 2224 1040 2282 et
1064 2238 1132 2281 ora-

55 2326 152 2400 toris
176 2334 223 2392 est
255 2329 484 2409 demonstrare,
523 2330 682 2411 quomodo
711 2331 748 2411 is,
772 2329 811 2392 rie
835 2348 899 2412 quo
929 2329 1056 2410 dicitur,
1092 2329 1133 2390 iis

59 2447 156 2498 usus
180 2439 229 2500 sit.
292 2435 396 2500 Simili
417 2439 541 2501 ratione
565 2440 739 2520 Antonius,
773 2458 981 2522 quamquam,
1014 2443 1051 2500 ut
1073 2438 1133 2500 sci·

63 2553 156 2626 mus,
164 2549 221 2610 hoc
232 2565 337 2629 genus
346 2547 380 2608 in
392 2548 559 2610 materiam
572 2552 705 2611 oratoris
718 2551 818 2632 recipi
830 2549 942 2628 noluit,
956 2547 1134 2629 deeoprae-
1225 2543 1228 2550 ’

10 2730 12 2741 Ι
70 2653 169 2736 cepio
201 2676 277 2719 nam
300 2652 452 2719 fortunae
475 2655 571 2737 bonu,
595 2676 678 2738 quae
702 2663 760 2720 aut
779 2658 923 2739 ‘corporis
947 2665 1054 2719 essent
1077 2663 1134 2717 aut

76 2768 236 2847 extranea,
262 2766 462 2847 virtutesque
474 2767 633 2827 incorum
647 2785 711 2828 usu
724 2765 932 2847 exponendas
942 2783 1012 2828 esse
1026 2761 1133 2844 dixit4)

82 2901 283 2924 'Ns—‘—

179 2973 204 3042 1)
222 2971 391 3042 Quamquam
421 2971 450 3024 in
481 2972 670 3039 „inventione“
702 2988 733 3025 ea
763 2974 868 3024 tontum
887 2971 1046 3038 exponenda
1062 2975 1134 3036 eunt,

89 3064 148 3118 (luae
172 3063 291 3119 invenire
322 3066 412 3118 orator
430 3063 517 3128 debet,
548 3068 640 3116 tamen
658 3063 702 3117 hic
720 3061 779 3115 illic
797 3063 829 3114 de
848 3061 1011 3115 tractatione
1026 3077 1133 3128 quoque

25 3202 27 3206 ,
91 3151 257 3208 nonnullarum
287 3173 377 3211 rerum
396 3155 538 3210 dicendum
558 3159 607 3223 est,
637 3153 763 3223 primum,
784 3153 847 3222 quia
865 3168 945 3221 saepo
963 3152 1066 3222 aliquid
1083 3153 1133 3207 sub

94 3231 135 3290 11ῑᾶ
156 3248 224 3312 parte
255 3247 339 3303 officii
356 3247 464 3302 oratorii
488 3263 544 3300 non
570 3234 650 3300 modo
669 3263 724 3300 non
742 3245 850 3315 rectius,
878 3245 925 3297 sed
943 3242 1026 3297 multo
1045 3243 1134 3295 minus

26 3318 33 3344 '⁷
95 3330 144 3392 tiit
167 3337 274 3401 proferri
294 3344 389 3409 potest,
418 3338 522 3403 deinde,
552 3337 617 3406 quia
636 3335 740 3405 Cicero,
771 3337 847 3391 cuius
866 3339 1009 3404 praecepta
1028 3335 1060 3386 de
1079 3338 1134 3387 arte

26 3415 35 3464 il
95 3413 206 3482 rhetorica
232 3430 311 3486 nobis
330 3431 492 3488 conserenda
510 3431 536 3481 et
556 3429 737 3497 comparanda
755 3432 828 3493 sunt,
853 3444 932 3496 saepe
951 3426 1134 3480 tractationem

26 3527 37 3571 t
97 3505 185 3572 alitoius
205 3521 289 3591 partis
308 3538 356 3576 eeu
374 3522 413 3575 rei
431 3521 482 3575 sub
501 3520 691 3588 ‚,inventione“
711 3521 847 3589 exposuit.
896 3518 943 3576 etr.
961 3517 1054 3571 Thiele
1071 3516 1089 3573 l.
1109 3533 1132 3574 c.

24 3617 38 3679 p
98 3611 115 3662 P·
130 3606 157 3662 96
171 3625 240 3680 sequ.
648 3662 651 3666 .

180 3705 206 3770 2)
224 3704 258 3758 de
274 3703 329 3760 inv.
346 3702 369 3768 1,
387 3707 430 3762 24,
448 3707 491 3758 34.
528 3702 564 3770 Π,
583 3708 608 3774 9,
627 3707 742 3760 28-31.

181 3794 207 3865 3)
223 3794 272 3867 cir.
291 3796 324 3850 de
342 3797 412 3864 part.
430 3810 467 3849 or.
485 3800 529 3866 22,
548 3801 590 3851 ti.
627 3800 684 3864 top.
702 3799 746 3865 23,
764 3797 807 3851 89.

182 3888 210 3961 t)
226 3880 316 3944 door.
334 3887 370 3958 11,
389 3891 433 3956 11,
450 3890 570 3954 45-463
594 3892 636 3958 81,
655 3891 714 3943 342.
