2618 4560
578 295 753 356 ..95-

129 470 193 534 1οοί
218 489 417 551 communes,
452 470 571 554 quibus
608 477 743 552 uterque
776 470 823 531 uti
858 474 972 552 potest,
1008 469 1203 533 exhibentur

128 580 171 644 de
196 581 264 642 inv.
287 579 329 660 II,
353 579 458 662 atui.

241 688 333 752 Sicut
356 690 390 750 in
414 692 660 772 comparatione,
697 691 742 752 ita
776 689 810 750 in
844 687 999 751 relatione
1033 686 1204 771 criminis1)
1246 690 1249 695 ’

125 816 266 880 quoque
290 804 457 861 aecusator
480 817 521 861 ex
545 800 615 863 aliis
639 797 923 863 constitutionibus
948 817 993 878 ea,
1023 815 1106 880 quae
1130 801 1203 878 apta

120 907 295 988 videntur,
320 907 429 987 eliget3
455 908 571 972 deinde
593 909 696 990 illum,
719 910 752 970 in
778 925 875 989 quem
907 907 1029 969 crimen
1057 905 1203 981 refertur,

125 1017 311 1080 defendere
335 1017 473 1098 eiusque
496 1023 663 1100 peecatum
688 1037 762 1080 cum
787 1035 823 1079 eo
836 1034 1020 1099 comparare
1037 1013 1140 1094 debet,
1163 1013 1203 1076 de

120 1145 202 1209 quo
240 1145 338 1188 causa
372 1128 548 1189 constituta
584 1131 644 1208 est3
681 1131 867 1189 accusatum
908 1130 1014 1189 autem
1053 1125 1204 1206 „alterius

115 1236 272 1298 iniurias
297 1236 427 1297 iniuriis
451 1239 507 1298 aut
531 1241 658 1318 peccata
681 1235 821 1318 peccatis
845 1235 971 1298 ulcisci“
993 1235 1084 1298 nullo
1108 1234 1203 1297 modo

117 1344 288 1408 debuisse
313 1344 555 1426 demonstrabit,
578 1343 703 1408 etiamsi
719 1345 876 1407 iudicium
893 1345 931 1408 de
947 1345 986 1408 iis
1003 1364 1067 1408 non
1083 1345 1204 1406 factum

119 1460 229 1535 esset,
252 1460 429 1536 propterea,
466 1456 550 1536 quod
586 1473 622 1517 ea
657 1456 781 1516 ratione
817 1472 910 1516 omne
946 1454 1102 1517 iudicium
1133 1472 1205 1535 per-

117 1562 331 1626 turbaretur.
380 1560 536 1625 Defensor
559 1582 635 1627 vero
664 1582 710 1640 ea,
746 1581 828 1644 quae
864 1567 1032 1625 accusator
1064 1562 1206 1639 induxit,

119 1679 170 1735 ut
195 1673 333 1736 facultas
356 1671 444 1748 feret,
475 1670 654 1735 infirmabit
677 1673 812 1755 eiusque
841 1671 969 1750 tactum,
998 1671 1083 1754 quod
1107 1690 1205 1733 eausa

122 1783 283 1845 criminis
308 1782 408 1844 luisse
432 1781 560 1861 dicitur,
588 1801 721 1865 semper,
757 1782 862 1864 quoad
897 1781 1001 1844 facere
1024 1781 1148 1864 poterit,
1171 1782 1205 1842 in

118 1893 277 1972 peiorem
302 1898 423 1972 partem
449 1893 566 1973 rapiet3
602 1891 760 1954 iudicium
786 1897 893 1954 autem
919 1892 958 1955 de
982 1911 1019 1954 eo
1043 1890 1114 1954 fieri
1138 1909 1204 1953 non

122 2019 217 2083 opus
241 2000 342 2062 fuisse
377 1999 561 2082 explicabit,
598 2002 673 2082 quia
707 2019 759 2064 res
783 2004 846 2064 iam
882 2021 939 2084 per
974 2021 1008 2064 se
1037 1999 1205 2064 manifesta

121 2118 168 2171 et
190 2109 285 2192 plane
309 2114 416 2191 aperta
439 2107 568 2172 fuisset.
617 2108 741 2182 Quibus
765 2113 943 2193 praeceptis
957 2111 1065 2174 Cicero
1090 2110 1205 2174 deinV.

123 2214 179 2296 Il,
203 2218 387 2299 auco-86
412 2220 499 2282 locos
523 2237 710 2282 communes
734 2219 876 2282 aduenit.

246 2327 284 2388 In
310 2330 487 2391 remotione
512 2329 656 2391 criminis
680 2334 735 2391 aut
759 2348 856 2392 causa
880 2335 936 2392 aut
966 2348 1018 2392 res
1052 2331 1121 2411 ipsa
1157 2346 1204 2390 re-

129 2442 295 2499 movetur.
342 2433 476 2518 causa)
500 2456 574 2500 cum
588 2439 623 2499 in
638 2457 818 2520 personam,
833 2444 904 2503 tum
919 2441 954 2501 in
977 2457 1044 2502 rem
1064 2437 1205 2518 aliquam

129 2547 262 2609 :revolvi
287 2551 392 2628 potest
414 2547 447 2608 in
473 2565 574 2629 eaque
599 2552 630 2609 et
653 2554 818 2612 accusator
841 2554 872 2611 et
902 2547 1048 2611 defensor
1083 2566 1125 2609 ex
1157 2547 1207 2627 iio,

132 2675 221 2737 quae
245 2656 350 2718 adhuc
374 2658 576 2738 protulimus,
609 2661 738 2719 sumant
765 2663 896 2740 oportet,
925 2676 1009 2739 quae
1037 2658 1206 2720 utilitatem

133 2765 311 2846 praebent,
335 2766 390 2828 ille
413 2784 584 2847 personam
601 2766 750 2829 defendet
773 2768 908 2848 eiusque
927 2770 1102 2847 peceatum,
1121 2766 1207 2848 quod

138 2892 232 2937 reum
257 2880 296 2936 ab
322 2873 424 2937 officio
450 2874 602 2937 decedere
626 2893 691 2937 non
717 2876 882 2957 coegisset,
906 2875 1076 2955 separatim
1110 2894 1207 2957 quae-

138 2985 278 3046 rendum
304 3002 375 3046 esse
399 2983 584 3067 contendet;
609 2984 686 3046 huic
710 3003 786 3047 vero
803 2985 908 3047 omnis
932 2983 1026 3065 culpa
1048 2985 1083 3044 in
1107 2983 1207 3045 alium

144 3093 332 3154 conicienda
356 3098 412 3172 est,
436 3112 511 3156 cum
536 3113 626 3158 areo
651 3095 758 3156 omnia
782 3093 863 3156 tacta
887 3099 1002 3174 essent,
1032 3111 1114 3174 quae
1136 3093 1207 3158 fieri

143 3203 310 3282 potuerint.
357 3201 429 3280 Sed,
452 3204 479 3265 si
503 3223 604 3267 causa
626 3205 661 3266 in
684 3222 755 3266 rem
778 3205 928 3284 reicitur,
952 3202 1081 3265 illorum
1116 3221 1208 3285 prae-

144 3316 305 3394 ceptorum
343 3314 460 3391 omnia,
498 3333 582 3395 quae
614 3315 654 3376 ad
695 3333 865 3396 personam
901 3313 1070 3396 pertinent,
1112 3314 1208 3378 relin-

145 3421 278 3501 quenda,
312 3431 417 3485 cetera
453 3423 562 3485 eadem
598 3422 724 3486 ratione
758 3423 940 3486 adhibenda
975 3429 1061 3486 sunt.
1107 3423 1208 3488 Locos

145 3547 341 3611 communes,
364 3532 420 3614 qui
444 3534 478 3594 in
509 3533 616 3596 causis
645 3533 803 3596 eiusmodi
841 3531 1057 3615 proferuntur,
1092 3553 1208 3616 cogno-

144 3641 261 3702 scimus
286 3641 325 3702 de
347 3642 415 3704 inu.
440 3641 482 3723 II,
507 3643 613 3724 30,91.
662 3645 769 3726 Atque
793 3643 887 3706 etiam
911 3642 980 3723 ipsa
1002 3639 1083 3723 resi)
1104 3664 1208 3708 remo-

144 3750 210 3811 veri
232 3755 346 3832 potest,
369 3751 397 3813 si
420 3770 495 3814 reus
518 3752 561 3823 id,
586 3752 671 3834 quod
696 3752 811 3816 fecisse
833 3752 1050 3831 insimulatur,
1082 3773 1207 3837 „neque

146 3857 182 3918 ad
207 3877 241 3921 se
266 3861 437 3942 nequead
462 3861 602 3924 officium
639 3881 734 3925 suum
769 3862 947 3944 pertinere‘
983 3863 1067 3926 dicit.
1115 3861 1207 3938 Quod

145 3966 354 3976 Ἢ--

252 4003 274 4071 ι)
296 4002 328 4055 ne
346 4003 399 4056 inv.
419 4002 456 4067 rr,
475 4004 680 4071 acan-nsua.
781 4004 808 4073 a)
827 4005 859 4058 ae
877 4004 933 4063 inv.
946 4005 983 4070 n,
1004 4007 1210 4099 repa-coar.

249 4093 276 4160 a)
295 4094 327 4146 ae
346 4094 403 4148 inv.
421 4095 455 4157 Π,
477 4099 678 4165 eost-auat
