2618 4560
638 304 679 312 ..
705 269 813 330 80⁴..

196 445 409 525 inventione‘,
436 444 491 507 ubi
515 447 670 509 rationem
695 445 942 527 argumentandi
964 445 999 507 in
1023 445 1163 528 singulis
1187 465 1257 509 con·

197 554 420 617 stitutionibus
456 556 614 637 exposuit,
651 556 758 617 statim
791 557 909 636 cuique
933 555 1131 617 accusationi
1155 554 1258 619 defen·
1285 630 1287 633 ¹

196 665 319 726 sionem
354 664 514 727 adnexam
548 664 744 743 invenimus,
773 664 807 725 in
838 670 979 744 utraque
1003 669 1111 726 autem
1132 665 1258 727 eosdem

196 779 460 855 argumentorum
495 775 582 836 iocos
616 762 775 835 adhibitos
810 774 863 852 ita,
896 782 933 835 ut
968 780 1136 837 accusator
1168 792 1257 857 saepe

196 882 260 942 iam
284 882 317 942 iu
343 868 508 964 arguendo
532 882 710 945 defensoris
734 887 922 963 argumenta
941 881 1091 962 infirmet,
1115 882 1259 946 defensor

195 1008 280 1071 vero,
310 992 502 1075 priusquam
532 1011 592 1054 sua
615 990 790 1067 confirmet,
826 1009 951 1073 semper
974 992 1040 1056 fere
1064 994 1256 1055 accusatoris

139 1086 141 1090 ¹
197 1107 386 1180 argumenta
413 1101 540 1164 refutet.
599 1099 688 1175 Quae
712 1101 894 1163 coniunctio
918 1101 1011 1164 claris
1035 1101 1144 1164 verbis
1168 1101 1260 1164 ctiam

198 1205 237 1268 ab
273 1209 414 1270 Antonio
450 1210 488 1272 de
521 1229 566 1273 or.
590 1209 633 1290 ΙΙ,
657 1212 708 1290 81,
733 1210 795 1270 331
829 1211 1023 1291 postulatur,
1071 1212 1258 1292 „namque,“

197 1317 313 1397 inquit,
348 1338 431 1397 „una
455 1320 489 1379 in
514 1319 620 1382 causis
644 1319 724 1381 ratio
749 1318 907 1400 quaedam
931 1326 980 1382 est
1003 1320 1073 1381 eius
1097 1319 1260 1395 orationis,

199 1445 280 1507 quae
315 1426 356 1489 ad
378 1427 576 1510 probandam
600 1429 911 1510 argumentationem
934 1429 1026 1491 valet.
1084 1427 1133 1490 Ea
1156 1434 1261 1491 autem

199 1545 229 1597 et
262 1536 518 1600 confimationem
553 1544 585 1600 et
618 1523 903 1620 reprehensionem
927 1536 1068 1619 quaerit;
1105 1537 1162 1600 sed
1189 1538 1263 1619 quia

198 1663 304 1726 neque
336 1648 535 1728 reprehendi,
570 1666 652 1729 quae
684 1653 794 1711 contra
828 1646 991 1726 dicuntur,
1024 1651 1171 1728 possunt,
1203 1646 1264 1707 nisi

198 1762 255 1816 tua
290 1754 467 1837 confirmes,
498 1775 604 1838 neque
639 1756 716 1818 haec
752 1754 943 1836 confirmari,
978 1756 1041 1818 nisi
1075 1757 1132 1819 illa
1155 1773 1264 1838 repre·

199 1862 330 1943 hendas,
369 1865 488 1927 idcirco
528 1866 607 1927 haec
646 1874 676 1928 et
714 1874 829 1928 natura
868 1874 899 1928 et
938 1866 1076 1928 utilitate
1116 1871 1148 1928 et
1184 1870 1263 1926 trac-

199 1973 318 2034 tatione
342 1974 513 2036 coniuncta
537 1975 644 2038 sunt.“
700 1973 804 2037 Etiam
829 1994 873 2037 or.
899 1975 950 2053 35,
976 1977 1049 2052 122,
1073 1974 1130 2037 ubi
1154 1971 1264 2036 Cicero

200 2090 306 2164 partes
331 2084 480 2147 orationis
504 2086 706 2147 enumeravit
728 2085 763 2146 in
786 2085 891 2166 iisque
915 2088 1082 2167 praecepta
1106 2083 1145 2145 de
1170 2101 1265 2164 argu-

201 2193 397 2256 mentatione
413 2192 473 2257 sub
490 2184 593 2256 unum
610 2200 814 2275 conspectum
831 2194 977 2275 subiecit,
990 2190 1265 2256 confirmationem

200 2309 231 2364 et
265 2304 547 2386 reprehensionem
582 2303 754 2366 coniunxit
786 2308 881 2384 atque
915 2304 1001 2366 idem
1024 2303 1098 2364 fecit
1122 2302 1161 2364 de
1185 2307 1265 2384 part.

200 2431 241 2474 or.
270 2413 297 2490 9,
323 2414 374 2491 33,
398 2432 472 2476 oum
495 2412 599 2475 filium
623 2414 705 2475 hanc
729 2431 795 2474 rem
820 2412 956 2474 doceret.

306 2520 397 2583 Fides
433 2530 541 2585 autem
576 2521 715 2584 alicuius
746 2523 792 2584 rei
826 2521 972 2583 facienda
1003 2525 1051 2582 est
1074 2533 1265 2601 argumento

200 2631 222 2692 i.
247 2649 271 2692 e.
296 2631 465 2710 ,‚ratione“‚
493 2637 528 2693 ut
551 2636 612 2712 top.
638 2631 688 2710 2,8
713 2629 913 2710 describitur,
948 2646 1053 2710 „quac
1075 2628 1122 2691 rei
1146 2627 1265 2690 dubiae

200 2739 297 2803 faciat
329 2737 465 2824 fideml)
523 2737 611 2814 Quae
635 2746 825 2822 argumenta
847 2739 947 2802 latent
971 2739 1004 2800 in
1027 2737 1106 2799 locis
1131 2736 1265 2820 quibus·

202 2848 284 2930 dam,
307 2851 400 2930 unde,
425 2850 518 2932 quasi
542 2868 559 2912 e
586 2836 938 2932 sedibuspromantur
957 2842 1117 2931 oportetfl)
1148 2845 1265 2928 itaque

201 2958 247 3019 ihi
281 2958 344 3021 loci
368 2979 528 3022 summam
552 2959 670 3022 habent
692 2961 882 3042 gravitatem
907 2963 938 3020 et
960 2955 1194 3037 necessitatem,
1231 2961 1267 3018 ut

202 3063 310 3130 Cicero
345 3087 497 3151 persaepe
530 3068 678 3150 pluribus
711 3069 889 3152 explicavit.
947 3065 999 3129 Sic
1023 3066 1204 3127 Antonium
1229 3065 1267 3128 de

202 3195 247 3241 or.
272 3175 314 3258 II,
338 3175 389 3257 21,
415 3178 477 3239 118
502 3177 625 3240 Cottam
661 3184 691 3240 et
715 3177 896 3261 Sulpicium
930 3176 1007 3238 fecit
1035 3162 1266 3254 adhortantem,

201 3296 256 3366 „ut
279 3286 365 3349 locos
389 3287 491 3350 multa
515 3288 782 3350 commentatione
806 3293 903 3369 atque
919 3285 1126 3348 meditatione
1138 3288 1266 3366 paratos

203 3402 300 3476 atque
335 3395 715 3478 expeditos“-haberent.
774 3396 878 3459 Etiam
914 3395 953 3457 de
977 3413 1022 3458 or.
1047 3393 1089 3474 II,
1115 3392 1168 3472 30,
1203 3391 1265 3453 130

203 3523 334 3568 necesse
357 3524 426 3569 esse
450 3507 532 3568 dixit
566 3506 701 3588 „habere
725 3513 827 3570 certos
850 3506 946 3585 locoS,
983 3504 1048 3585 qui,
1081 3508 1119 3564 ut
1141 3501 1266 3563 litterae

203 3614 242 3676 ad
267 3615 411 3698 verbum,
435 3616 481 3679 sic
497 3616 537 3678 ad
550 3635 679 3679 causam
693 3615 916 3699 explicandam
929 3610 1158 3676 occurrerent.“
1190 3607 1267 3672 Huc

206 3797 256 3802 —--·
265 3798 418 3807 ᾖ

311 3886 336 3955 l)
356 3884 403 3940 cfr.
423 3885 455 3937 do
474 3888 544 3952 part.
563 3900 600 3938 or.
620 3889 645 3949 2,
663 3889 689 3951 5,
717 3885 763 3939 ubi
782 3883 873 3939 Cicero
903 3884 1090 3952 argumentum
1111 3878 1267 3949 „probabile

202 3973 339 4032 inventum
358 3978 392 4029 ad
409 3975 560 4030 faciendam
578 3976 677 4030 fidem“
695 3975 847 4046 appellavit.

309 4069 336 4138 2)
355 4072 390 4123 do
410 4070 479 4136 part.
499 4084 538 4122 or.
556 4073 581 4134 2,
601 4073 626 4125 5.
662 4074 715 4137 top.
735 4073 760 4134 2,
780 4074 804 4126 7.
