2618 4560
513 207 754 268 .-93...

126 381 323 463 afferuntur,
357 383 576 466 reprehendet.
622 381 766 447 Maxime
797 387 904 446 autem
939 384 972 445 in
997 384 1056 446 hac
1080 385 1198 447 consti·
1267 400 1272 413 ·

124 493 259 555 tutione
284 497 455 556 accusator
486 493 610 556 animos
633 510 830 576 permovere,
862 492 1011 557 defensor
1034 512 1088 557 eos
1113 495 1198 556 miti·

119 621 208 685 gare
233 600 384 666 studebit.

240 707 387 774 Alteram
435 710 696 775 constitutionem
744 731 762 773 a
801 710 953 775 Cicerone
998 711 1198 776 definitivam

119 820 325 904 appellatam
350 838 419 884 esse
443 820 659 884 recordamur.
705 818 744 881 In
770 839 806 883 ea
830 824 965 885 oratoris
989 828 1037 885 est
1060 821 1198 885 vocabu-

117 930 198 992 lum
226 934 283 992 aut
307 949 435 1011 nomen,
469 931 564 993 cuius
600 929 639 992 de
673 929 704 990 vi
728 928 910 1012 ambigitur,
946 937 976 994 et
1005 929 1144 994 breviter
1168 937 1199 994 et

116 1043 241 1122 aperte
266 1038 409 1120 definire,
432 1040 608 1102 adversarii
631 1043 739 1102 autem
764 1040 1011 1123 descriptionem
1034 1039 1198 1113 infirmare

119 1154 190 1212 aut
214 1151 355 1231 peiorem
379 1149 513 1212 reddere
548 1167 697 1232 cumque,
732 1149 789 1231 qui
819 1149 858 1212 de
882 1151 914 1212 vi
939 1149 1097 1232 vocabuli,
1133 1169 1198 1212 non

120 1259 170 1321 de
196 1259 267 1340 ipsa
291 1277 324 1321 re
350 1259 536 1341 disputaret,
567 1258 769 1323 auditoribus
797 1257 832 1319 in
857 1260 1067 1341 suspitionem
1098 1259 1197 1322 addo-

119 1386 214 1431 cere.
261 1366 419 1432 Defensor
442 1369 519 1430 item
549 1367 687 1430 breviter
711 1385 830 1430 nomen
855 1367 1016 1432 describet
1039 1387 1198 1451 suamque

119 1476 355 1540 definitionem
390 1476 588 1553 confirmare,
625 1475 801 1538 adversarii
824 1477 1058 1559 reprehendere
1087 1476 1197 1558 debet;

120 1591 354 1650 accusatorem
389 1591 497 1650 autem
526 1587 595 1648 loco
631 1587 795 1650 communi
832 1592 945 1668 arguet
967 1586 1197 1668 impudentiae,

121 1697 299 1778 quianon
335 1696 441 1759 solum
475 1714 552 1775 rem,
587 1683 650 1758 sed'
678 1696 773 1758 etiam
798 1695 990 1759 vocabulum
1027 1697 1060 1758 in
1098 1715 1197 1759 suurn

119 1805 348 1886 commodum,
381 1805 428 1868 rei
452 1810 558 1868 autem
583 1804 823 1868 incommodum
852 1810 1038 1869 convertere
1062 1802 1197 1890 velletl)
1288 1859 1291 1865 .

127 1913 238 1978 Locos
262 1920 368 1978 autem
405 1916 438 1976 in
464 1915 522 1977 hac
546 1915 774 1978 constitutione
798 1913 907 1978 Cicero
942 1920 1005 1998 top.
1037 1915 1131 1996 23,88
1156 1933 1198 1977 ex

121 2024 415 2106 consequentibus
441 2012 714 2104 antecedentibus,
743 2023 904 2088 adiunctis
928 2025 1103 2088 sumendos
1128 2043 1198 2087 csse

122 2134 251 2197 docuit.

239 2241 320 2304 Tum
344 2242 383 2304 de
406 2243 471 2306 inv.
496 2241 521 2321 l,
549 2242 620 2323 9,l2
645 2243 832 2306 constitutio
854 2241 1012 2324 generalis
1029 2241 1197 2324 profertur,

122 2352 172 2415 de
196 2354 262 2414 inv.
286 2351 329 2431 ll,
354 2351 589 2434 19‚57-20‚61
616 2354 723 2414 autem
749 2350 857 2415 Cicero
893 2351 991 2434 prius,
1027 2370 1123 2433 quam
1156 2349 1197 2413 ad

120 2479 201 2525 eam
228 2462 363 2543 transiit,
386 2461 628 2525 translationem
654 2461 797 2543 absolvit,
830 2479 913 2543 quae
947 2479 1076 2549 perraro
1112 2460 1197 2544 apud

118 2566 295 2635 Romanos
330 2571 472 2633 incidere
507 2570 637 2650 solebat,
673 2574 757 2636 sicut
779 2571 801 2634 l.
826 2590 852 2636 o.
878 2572 1060 2635 accuratius
1095 2571 1197 2654 expli-

122 2687 241 2746 catum
265 2687 323 2745 est.
369 2682 521 2742 Attamen
546 2683 576 2742 et
599 2685 764 2743 accusator
789 2688 820 2743 et
844 2680 992 2743 defensor
1014 2681 1048 2742 in
1080 2699 1117 2742 ea
1141 2699 1197 2742 ex·

120 2791 257 2872 plorare
281 2789 407 2868 debent,
431 2809 469 2869 „a
494 2808 559 2869 quo
584 2793 615 2851 et
637 2807 695 2872 per
719 2809 799 2871 quos
824 2794 854 2852 et
879 2788 1038 2871 quomodo
1068 2793 1099 2851 ct
1132 2807 1196 2870 quo

123 2904 275 2983 tempore
299 2904 356 2961 aut
379 2901 430 2980 agi
455 2903 512 2961 aut
534 2897 670 2960 iudicari
699 2902 754 2960 aut
783 2898 861 2982 quid
896 2899 992 2960 statui
1028 2897 1067 2960 de
1101 2916 1139 2988 ea
1161 2917 1197 2961 re

126 3009 335 3072 conveniat.“
382 3006 489 3070 Etiam
513 3007 575 3071 loci
598 3026 786 3072 communes
810 3006 1018 3091 adhibentur,
1041 3027 1116 3069 nam
1141 3012 1198 3070 aut

127 3117 170 3200 is,
200 3120 256 3201 qui
284 3119 441 3181 actionem
469 3118 659 3181 commutari
686 3117 766 3200 vult,
793 3118 952 3181 iudicium
980 3120 1123 3179 metuere
1151 3115 1196 3178 di-

127 3229 225 3309 citur,
251 3228 327 3310 quia
350 3228 467 3291 malam
490 3247 557 3292 rem
584 3226 741 3308 defendat,
772 3233 828 3292 aut
851 3229 889 3309 ei,
914 3226 972 3310 qui
995 3225 1197 3289 translationi

132 3338 264 3416 resistit,
288 3339 459 3419 opponitur
483 3337 590 3400 omnia
618 3336 810 3420 perturbari,
839 3337 902 3400 nisi
929 3355 981 3400 res
1009 3354 1046 3399 ea
1073 3335 1197 3399 ratione

134 3453 255 3529 agatur,
280 3467 342 3530 qua
367 3452 516 3529 oporteat.

239 3554 394 3638 Sequitur
432 3557 618 3620 constitutio
657 3554 856 3640 generaliS,²)
897 3574 988 3638 quae,
1028 3558 1065 3617 ut
1100 3572 1198 3634 supra

139 3665 283 3745 vidimus
306 3667 340 3728 in
363 3667 443 3728 duas
466 3670 572 3748 partes
596 3664 767 3729 distributa
790 3670 846 3728 est.
897 3663 945 3727 De
974 3664 1085 3745 prima,
1113 3681 1197 3745 quae

138 3782 182 3836 est
204 3777 383 3857 negotialis,
406 3777 587 3859 disputatur
611 3775 649 3838 de
672 3777 737 3838 inv,
761 3773 803 3855 H,
828 3771 1079 3853 21,62-22,68.
1127 3769 1197 3846 Qua

239 3916 266 3985 1)
286 3919 317 3972 de
336 3917 392 3971 inv.
410 3916 445 3980 11,
468 3918 668 3981 17,52-18‚56,
689 3915 721 3968 de
740 3917 807 3982 part.
829 3929 866 3967 or.
887 3913 1082 3977 aaran-128.

238 4008 265 4078 2)
285 4010 317 4063 de
335 4009 390 4063 inv.
409 4008 430 4072 1,
449 4010 519 4076 9,12.
556 4007 591 4074 11,
611 4013 700 4074 21,62.
