2618 4560
525 261 701 320 ..43-

638 441 839 521 negationem
858 438 1147 526 infitiationemque

639 547 728 630 facti3
765 552 937 630 secundus,
971 550 1057 633 quod
1081 571 1145 615 non

639 657 680 719 sit
711 658 745 719 in
775 677 818 739 re,
851 658 937 740 quod
969 659 1008 722 ab
1033 661 1145 726 adver-

605 764 607 803 *
639 769 721 831 sario
744 772 881 850 ponatur
897 770 929 830 in
946 768 1057 847 verb03
1082 775 1146 834 ter·

637 879 710 958 tius,
749 877 833 959 quod
862 877 894 939 id
918 884 1004 941 recte
1026 878 1145 943 factum

638 1007 707 1052 esse
746 984 910 1067 defendat,
949 988 1036 1070 quod
1075 990 1146 1053 sine

604 1126 607 1181 p
638 1098 703 1160 ulla
745 1098 886 1162 nominis
925 1100 1145 1162 controversia

636 1205 755 1270 factum
779 1207 927 1275 fateatur.

640 1315 711 1383 103.
765 1315 889 1381 Deinde
928 1319 986 1382 uni
1024 1319 1142 1402 cuique

637 1426 753 1490 rationi
778 1428 1002 1509 opponendum
1031 1434 1080 1493 est
1103 1410 1143 1491 ab

637 1542 822 1600 accusatore
845 1537 887 1617 id,
917 1537 1053 1618 quodsi
1078 1558 1143 1601 non

604 1566 607 1707 J
638 1649 721 1709 esset
743 1646 775 1706 in
802 1647 1013 1726 accusatione,
1044 1666 1144 1732 causa

636 1756 765 1818 omnino
811 1773 881 1819 esse
923 1776 987 1819 non
1026 1763 1141 1840 posset.

635 1865 751 1948 Itaque
775 1884 811 1928 ea
835 1884 918 1948 quae
940 1867 986 1930 sio
1002 1867 1142 1930 referun-

635 1981 696 2057 tur,
735 1976 932 2040 continentia
970 1996 1142 2040 causarum

637 2091 809 2167 vocentur;
850 2104 1045 2168 quamquam
1078 2106 1142 2149 non

603 2280 605 2287 Ι
636 2215 673 2259 ea
690 2196 799 2277 magis,
823 2214 905 2278 quae
922 2199 1032 2258 contra
1047 2197 1141 2258 ratio-

603 2294 605 2301 ’
635 2322 709 2366 nem
735 2305 928 2372 defensionis
953 2304 1139 2382 afferuntur,

634 2414 1142 2498 quamipsaedofensionisratio·

636 2543 693 2588 nes
710 2526 852 2590 continet
868 2545 992 2591 causas.
1017 2524 1079 2590 Sed
1096 2526 1143 2588 di-

634 2635 819 2717 stinguendi
835 2637 936 2717 gratia
952 2638 1140 2700 rationem

635 2744 832 2825 appellemus
846 2763 926 2826 eam,
939 2766 1023 2828 quae
1036 2748 1140 2811 adfer·
1219 2804 1222 2808 .

602 2812 605 2935 l
636 2858 689 2917 tur
713 2852 752 2915 ab
777 2872 831 2916 reo
856 2853 894 2915 ad
920 2856 1138 2918 recusandum

636 2962 815 3044 depellendi
853 2964 997 3027 criminis
1033 2983 1142 3048 causa,

635 3091 717 3155 quae
741 3073 804 3158 nisi
822 3077 914 3154 esset,
939 3074 1015 3156 quid
1032 3074 1140 3138 defen·

636 3182 723 3246 deret
747 3201 811 3246 non
835 3182 979 3262 haberet3
1009 3184 1140 3247 firma-

635 3297 798 3356 mentum
824 3297 939 3375 autem,
964 3293 1050 3376 quod
1067 3312 1141 3357 con·

635 3408 684 3465 tra
707 3402 747 3465 ad
769 3402 1025 3467 labefactandam
1044 3406 1141 3468 ratio·

602 3574 604 3599 Ι
635 3532 709 3577 nem
726 3513 871 3593 refertur,
887 3515 956 3577 sine
973 3533 1036 3597 quo
1047 3534 1141 3578 accu-

602 3612 604 3717 ᾗ
635 3625 714 3688 satio
739 3627 823 3687 stare
847 3642 910 3686 non
934 3628 1047 3706 potest.

115 3724 312 3798 Iudicatio
346 3739 394 3799 est
426 3752 509 3817 quae
539 3720 604 3830 ex]
635 3733 1140 3815 30,1ol.uxrauonisautem

87 3830 285 3908 nfirmatione
326 3843 368 3931 [et
407 3843 576 3908 confirma·
601 3840 603 3869 ²
633 3848 664 3907 et
683 3841 1142 3910 exfirmamonticonflictione

85 3939 173 4033 lone]
194 3955 328 4018 rationis
345 3953 487 4018 nascitur
503 3970 579 4014 con·
601 4000 602 4085 1
633 3959 664 4017 et
688 3955 779 4036 quasi
801 3971 969 4033 concursu,
995 3960 1141 4036 quaestio

85 4064 234 4129 :roversia
600 4142 603 4151 ¹
634 4064 780 4127 exoritur
827 4063 997 4146 quaedam,
1044 4083 1140 4146 quam
