2618 4560
571 287 746 350 ..37-

234 467 342 548 Atque
362 443 448 527 ⁴cum
477 465 541 528 illis
568 466 755 549 praeceptis,
789 485 872 547 quae
906 447 1123 530 inveniuntur
1155 465 1190 531 in

125 573 372 658 „partitionibus
391 575 563 652 oratoriis“,
581 576 722 637 maxima
746 593 787 638 ex
805 579 895 656 parte
920 594 957 638 ea
978 578 1191 658 consentiunt,

123 702 209 767 quae
233 682 341 746 Cicero
372 684 407 745 in
432 684 588 766 „topieis“
612 683 650 746 de
683 683 794 746 eadem
823 702 858 746 re
882 685 988 763 dedit,
1024 703 1122 766 quare
1155 704 1191 748 ea

125 794 232 856 statim
256 768 408 855 hocloco
432 792 543 856 afferre
567 793 659 856 nobis
683 793 786 858 liceat.
819 791 1072 858 Constitutiones
1091 795 1192 877 igitur

123 905 187 982 top.
215 900 265 978 24,
291 901 331 962 92
368 899 418 964 his
443 901 552 966 verbis
583 900 769 984 explicavit:
804 901 861 983 „In
900 900 1019 984 quibus
1053 901 1113 988 [sc.
1139 903 1191 966 de-

121 1008 224 1071 finitis
248 1007 505 1097 quaestionibus]
533 1012 695 1075 exsistunt
717 1011 794 1074 haee
817 1030 946 1093 genera,
965 1017 1002 1074 ut
1025 1017 1191 1075 accusator

125 1136 296 1200 personam
317 1124 432 1202 arguat
450 1118 533 1199 facti,
554 1117 839 1201 defenscr'aliquid
864 1126 1002 1203 opponat
1019 1121 1057 1184 de
1072 1121 1190 1186 tribus:

123 1231 270 1289 autnon
294 1246 364 1292 esse
387 1228 516 1306 factum,
549 1232 604 1292 aut
635 1230 662 1291 si
686 1230 727 1292 sit
750 1229 881 1309 factum,
911 1229 1000 1296 aliud
1024 1231 1093 1293 eius
1115 1230 1190 1293 faeti

121 1354 245 1399 nomen
268 1355 347 1418 esse,
373 1341 429 1400 aut
452 1339 523 1400 iure
547 1357 616 1401 esse
640 1336 768 1401 factum.
826 1335 941 1420 Itaque
965 1341 1022 1401 aut
1043 1337 1191 1401 infitialis

122 1450 182 1508 aut
221 1446 449 1509 coniecturalis
493 1448 596 1529 prima
634 1446 832 1530 appelletur3
874 1447 1038 1515 definitiva
1072 1447 1189 1526 altera3

120 1555 227 1634 tertia,
263 1555 412 1637 quamvis
450 1555 620 1619 molestum
660 1559 719 1617 hoc
759 1574 875 1619 nomen
913 1557 962 1637 sit,
1000 1556 1190 1620 iuridicialis

120 1665 286 1728 vocetur.“
318 1662 367 1726 De
390 1666 618 1727 controversiis
643 1669 749 1727 autem
775 1683 817 1726 ex
842 1666 960 1747 scripto
984 1665 1190 1730 nascentibus
1210 1707 1213 1713 -

120 1773 232 1856 paullo
254 1778 326 1858 post
349 1774 518 1856 disseruit,
551 1775 689 1856 legimus
722 1774 809 1836 enim
845 1779 907 1856 top.
935 1775 986 1857 25,
1016 1775 1073 1841 95:
1107 1773 1189 1856 „Sed

107 1882 277 1962 quoniam
310 1877 380 1966 lege
413 1881 541 1963 firmius
572 1884 606 1945 in
631 1884 857 1947 controversiis
881 1884 1096 1967 disceptandis
1121 1903 1190 1949 esse

120 1989 205 2051 nihil
228 1989 331 2072 debet,
368 1991 472 2055 danda
507 1995 556 2055 est
590 2011 695 2075 opera,
729 1997 766 2056 nt
799 1990 902 2075 legem
938 1993 1125 2057 adiutricem
1159 1999 1190 2056 et

120 2103 236 2161 testem
253 2099 474 2164 adhibeamus.
511 2100 691 2183 inquere
715 2101 770 2163 alii
795 2105 886 2184 quasi
910 2110 1012 2166 status
1029 2103 1190 2164 exsistunt

121 2210 209 2289 novi,
233 2209 289 2272 sed
314 2210 514 2294 appellentur
537 2211 697 2292 legitimae
722 2210 975 2293 disceptationes.
1034 2209 1084 2275 96.
1108 2210 1189 2272 Tum

120 2320 212 2382 enim
237 2317 428 2383 defendetur
452 2338 517 2382 non
545 2318 578 2381 id
602 2318 704 2401 legem
729 2318 844 2401 dicere,
873 2321 959 2402 quod
986 2318 1189 2382 adversarius

119 2429 291 2509 velit,=sed
315 2429 411 2492 alind.
463 2428 499 2490 id
524 2434 630 2491 autern
656 2429 822 2511 contingit,
845 2449 919 2493 cum
944 2430 1098 2512 scriptum
1123 2448 1189 2491 am·

119 2539 257 2622 bigunm
294 2544 349 2621 est,
383 2543 420 2602 ut
455 2538 538 2601 duae
573 2540 750 2601 sententiae
785 2540 885 2622 accipi
919 2541 1053 2622 possint.
1108 2537 1187 2601 Tum

119 2651 296 2733 opponitur
318 2650 434 2731 scripto
459 2648 607 2710 voluntas
632 2649 804 2731 scriptoris,
836 2654 873 2711 ut
902 2653 1084 2731 quaeratur,
1117 2666 1189 2710 ver-

119 2759 207 2822 bane
238 2759 321 2842 plus,
355 2777 396 2821 an
421 2758 579 2820 sententia
603 2757 709 2819 valere
734 2756 878 2819 debeant.
938 2757 1018 2820 Tum
1047 2757 1111 2838 legi
1134 2756 1188 2818 lex

119 2870 286 2933 contraria
311 2868 450 2932 affertur.
499 2866 548 2930 Ita
571 2871 648 2929 sunt
671 2867 732 2927 tria
754 2884 881 2947 genera,
898 2884 981 2947 quae
1006 2869 1188 2928 controver-

118 2981 203 3044 siam
236 2981 270 3040 in
300 2980 387 3041 omni
412 2978 529 3059 scripto
552 2975 656 3038 facere
679 2975 810 3057 possint,
843 2974 1043 3058 ambiguum,
1071 2975 1189 3038 disere

117 3088 233 3172 pantio
257 3089 367 3171 scripti
391 3092 422 3149 et
444 3084 627 3164 voluntatis
651 3084 770 3167 scripta
793 3086 980 3148 contraria.“

233 3195 266 3260 Si
292 3196 456 3259 Ciceronis
479 3200 656 3278 praecepta,
680 3212 762 3275 quae
775 3194 869 3257 modo
886 3196 1091 3276 contulimus,
1114 3213 1189 3257 oum

116 3308 163 3370 iis
187 3311 423 3388 comparamus
446 3323 529 3386 quae
553 3306 765 3385 cognovimus
789 3321 832 3366 ex
857 3308 1029 3384 .,orat0re“,
1063 3305 1189 3367 inveni-

118 3435 197 3478 mus
231 3415 324 3479 illum
360 3433 401 3506 ne
435 3415 468 3475 in
503 3413 543 3476 iis
578 3412 707 3494 quidem
743 3411 841 3494 libris,
879 3434 958 3498 quos
987 3415 1098 3479 ecdem
1121 3411 1190 3477 fere

117 3530 268 3607 ternpore
303 3524 402 3588 edidit
425 3528 455 3586 et
484 3522 649 3605 inscripsit
671 3524 822 3604 „orator“,
847 3525 905 3605 „de
928 3526 1098 3609 partitione
1123 3544 1190 3586 ora·

118 3634 236 3705 toria“,
271 3634 422 3717 „topioa“,
458 3649 583 3714 semper
617 3631 726 3694 eadem
762 3632 924 3714 docuisse;
960 3655 1034 3697 uam
1059 3652 1133 3695 cum
1156 3634 1190 3694 in

121 3743 253 3807 duobus
276 3745 388 3827 primis
413 3742 674 3806 constitutionem
699 3744 958 3826 coniecturalem,
982 3742 1192 3821 definitivam,

119 3853 305 3936 generalem
344 3856 553 3932 enumeraret,
588 3851 621 3911 in
658 3852 806 3933 „topicis“
829 3855 953 3916 tertiam
976 3851 1188 3916 iuridicialem

122 3961 260 4039 vocavit,
278 3963 424 4043 quamvis
436 3964 504 4043 ipse
520 3962 580 4023 hoe
599 3978 715 4022 nomen
735 3962 942 4041 „molestum‘
958 3981 1027 4026 esse
1044 3964 1188 4039 sentiret3

124 4075 236 4133 contra
263 4090 365 4154 genus
388 4071 489 4154 legale
513 4073 546 4133 in
570 4068 651 4130 libro
688 4068 744 4147 ,de
767 4073 938 4154 partitione
963 4072 1118 4136 oratoria“
1143 4078 1190 4135 at·
