<?xml version="1.0" encoding="UTF-8"?>
<!DOCTYPE html PUBLIC "-//W3C//DTD XHTML 1.0 Transitional//EN"
    "http://www.w3.org/TR/xhtml1/DTD/xhtml1-transitional.dtd">
<html xmlns="http://www.w3.org/1999/xhtml" xml:lang="en" lang="en">
 <head>
  <title>
</title>
<meta http-equiv="Content-Type" content="text/html;charset=utf-8" />
  <meta name='ocr-system' content='tesseract 3.04.00' />
  <meta name='ocr-capabilities' content='ocr_page ocr_carea ocr_par ocr_line ocrx_word'/>
</head>
<body>
  <div class='ocr_page' id='page_1' title='image "./deciceronisdoct00heingoog_0079.png"; bbox 0 0 2686 4560; ppageno 0'>
   <div class='ocr_carea' id='block_1_1' title="bbox 668 265 845 329">
    <p class='ocr_par' dir='ltr' id='par_1_1' title="bbox 668 265 845 329">
     <span class='ocr_line' id='line_1_1' title="bbox 668 265 845 329; baseline -0.006 -15"><span class='ocrx_word' id='word_1_1' title='bbox 668 265 777 329; x_wconf 52' lang='grc' dir='ltr'>..ηρ</span> <span class='ocrx_word' id='word_1_2' title='bbox 801 301 845 313; x_wconf 91' lang='lat'>...</span> 
     </span>
    </p>
   </div>
   <div class='ocr_carea' id='block_1_2' title="bbox 224 441 1289 636">
    <p class='ocr_par' dir='ltr' id='par_1_2' title="bbox 224 441 1289 636">
     <span class='ocr_line' id='line_1_2' title="bbox 224 441 1289 527; baseline 0 -21"><span class='ocrx_word' id='word_1_3' title='bbox 224 442 404 507; x_wconf 88' lang='lat' dir='ltr'>rationibus</span> <span class='ocrx_word' id='word_1_4' title='bbox 428 443 547 524; x_wconf 82' lang='lat' dir='ltr'>docuit,</span> <span class='ocrx_word' id='word_1_5' title='bbox 575 443 630 508; x_wconf 90' lang='lat' dir='ltr'>sed</span> <span class='ocrx_word' id='word_1_6' title='bbox 662 445 757 507; x_wconf 88' lang='lat' dir='ltr'>etiam</span> <span class='ocrx_word' id='word_1_7' title='bbox 784 445 819 506; x_wconf 91' lang='lat' dir='ltr'>in</span> <span class='ocrx_word' id='word_1_8' title='bbox 847 441 982 527; x_wconf 85' lang='lat' dir='ltr'>reliquis</span> <span class='ocrx_word' id='word_1_9' title='bbox 1015 442 1198 526; x_wconf 84' lang='lat' dir='ltr'>generibus,</span> <span class='ocrx_word' id='word_1_10' title='bbox 1231 445 1289 506; x_wconf 86' lang='lat' dir='ltr'>irn-</span> 
     </span>
     <span class='ocr_line' id='line_1_3' title="bbox 228 550 1288 636; baseline 0.002 -21"><span class='ocrx_word' id='word_1_11' title='bbox 228 553 340 636; x_wconf 83' lang='lat' dir='ltr'><strong>primis</strong></span> <span class='ocrx_word' id='word_1_12' title='bbox 363 553 398 616; x_wconf 91' lang='lat' dir='ltr'>in</span> <span class='ocrx_word' id='word_1_13' title='bbox 415 569 531 635; x_wconf 83' lang='lat' dir='ltr'>genere</span> <span class='ocrx_word' id='word_1_14' title='bbox 546 552 699 632; x_wconf 81' lang='lat' dir='ltr'>iudiciali,</span> <span class='ocrx_word' id='word_1_15' title='bbox 718 558 755 616; x_wconf 89' lang='lat' dir='ltr'>ut</span> <span class='ocrx_word' id='word_1_16' title='bbox 770 550 880 635; x_wconf 88' lang='lat' dir='ltr'>paullo</span> <span class='ocrx_word' id='word_1_17' title='bbox 896 560 969 636; x_wconf 89' lang='lat' dir='ltr'>post</span> <span class='ocrx_word' id='word_1_18' title='bbox 989 551 1288 617; x_wconf 82' lang='lat' dir='ltr'><strong>demonstrabimus.</strong></span> 
     </span>
    </p>
   </div>
   <div class='ocr_carea' id='block_1_3' title="bbox 226 699 1289 1236">
    <p class='ocr_par' dir='ltr' id='par_1_3' title="bbox 506 699 1006 803">
     <span class='ocr_line' id='line_1_4' title="bbox 506 699 1006 803; baseline 0 -24"><span class='ocrx_word' id='word_1_19' title='bbox 506 699 575 781; x_wconf 90' lang='grc' dir='ltr'>ΙΙΙ.</span> <span class='ocrx_word' id='word_1_20' title='bbox 603 701 651 781; x_wconf 83' lang='lat' dir='ltr'>Bo</span> <span class='ocrx_word' id='word_1_21' title='bbox 680 722 806 803; x_wconf 80' lang='lat' dir='ltr'>genere</span> <span class='ocrx_word' id='word_1_22' title='bbox 833 699 1006 781; x_wconf 86' lang='lat' dir='ltr'>iudiciali.</span> 
     </span>
    </p>

    <p class='ocr_par' dir='ltr' id='par_1_4' title="bbox 226 824 1289 1236">
     <span class='ocr_line' id='line_1_5' title="bbox 330 824 1288 910; baseline 0.001 -21"><span class='ocrx_word' id='word_1_23' title='bbox 330 824 372 889; x_wconf 91' lang='lat' dir='ltr'>In</span> <span class='ocrx_word' id='word_1_24' title='bbox 395 845 510 910; x_wconf 80' lang='lat' dir='ltr'>genero</span> <span class='ocrx_word' id='word_1_25' title='bbox 526 827 670 890; x_wconf 90' lang='lat' dir='ltr'>iudiciali</span> <span class='ocrx_word' id='word_1_26' title='bbox 694 829 733 890; x_wconf 89' lang='lat' dir='ltr'>de</span> <span class='ocrx_word' id='word_1_27' title='bbox 750 846 853 910; x_wconf 87' lang='lat' dir='ltr'>aequo</span> <span class='ocrx_word' id='word_1_28' title='bbox 876 833 908 890; x_wconf 92' lang='lat' dir='ltr'>et</span> <span class='ocrx_word' id='word_1_29' title='bbox 930 828 1043 910; x_wconf 90' lang='lat' dir='ltr'>iniquo</span> <span class='ocrx_word' id='word_1_30' title='bbox 1067 826 1288 890; x_wconf 88' lang='lat' dir='ltr'>disserendum</span> 
     </span>
     <span class='ocr_line' id='line_1_6' title="bbox 226 934 1289 1017; baseline 0.001 -19"><span class='ocrx_word' id='word_1_31' title='bbox 226 939 281 1015; x_wconf 77' lang='lat' dir='ltr'>est,</span> <span class='ocrx_word' id='word_1_32' title='bbox 312 954 450 1017; x_wconf 91' lang='lat' dir='ltr'>quorum</span> <span class='ocrx_word' id='word_1_33' title='bbox 478 936 540 998; x_wconf 91' lang='lat' dir='ltr'>loci</span> <span class='ocrx_word' id='word_1_34' title='bbox 568 955 586 998; x_wconf 90' lang='lat' dir='ltr'>a</span> <span class='ocrx_word' id='word_1_35' title='bbox 615 934 777 1016; x_wconf 81' lang='lat' dir='ltr'>Cicerone,</span> <span class='ocrx_word' id='word_1_36' title='bbox 806 941 844 1000; x_wconf 89' lang='lat' dir='ltr'>ut</span> <span class='ocrx_word' id='word_1_37' title='bbox 875 937 940 999; x_wconf 90' lang='lat' dir='ltr'>iam</span> <span class='ocrx_word' id='word_1_38' title='bbox 967 936 1081 999; x_wconf 87' lang='lat' dir='ltr'>leviter</span> <span class='ocrx_word' id='word_1_39' title='bbox 1115 935 1289 1017; x_wconf 70' lang='lat' dir='ltr'>tetigimus</span> 
     </span>
     <span class='ocr_line' id='line_1_7' title="bbox 227 1036 1289 1129; baseline 0 -22"><span class='ocrx_word' id='word_1_40' title='bbox 227 1044 338 1108; x_wconf 85' lang='lat' dir='ltr'>ordino</span> <span class='ocrx_word' id='word_1_41' title='bbox 373 1045 512 1127; x_wconf 91' lang='lat' dir='ltr'>partium</span> <span class='ocrx_word' id='word_1_42' title='bbox 549 1045 701 1108; x_wconf 89' lang='lat' dir='ltr'>orationis</span> <span class='ocrx_word' id='word_1_43' title='bbox 739 1036 837 1129; x_wconf 86' lang='lat' dir='ltr'>qua&#39;m</span> <span class='ocrx_word' id='word_1_44' title='bbox 874 1044 1113 1108; x_wconf 88' lang='lat' dir='ltr'>accuratissimo</span> <span class='ocrx_word' id='word_1_45' title='bbox 1154 1045 1289 1128; x_wconf 86' lang='lat' dir='ltr'>diligen-</span> 
     </span>
     <span class='ocr_line' id='line_1_8' title="bbox 226 1154 656 1236; baseline 0.007 -20"><span class='ocrx_word' id='word_1_46' title='bbox 226 1154 414 1236; x_wconf 85' lang='lat' dir='ltr'>tissimeque</span> <span class='ocrx_word' id='word_1_47' title='bbox 437 1159 656 1236; x_wconf 81' lang='lat' dir='ltr'>exponuntur.</span> 
     </span>
    </p>
   </div>
   <div class='ocr_carea' id='block_1_4' title="bbox 162 1283 1313 3974">
    <p class='ocr_par' dir='ltr' id='par_1_5' title="bbox 611 1283 915 1350">
     <span class='ocr_line' id='line_1_9' title="bbox 611 1283 915 1350; baseline 0.02 -6"><span class='ocrx_word' id='word_1_48' title='bbox 611 1284 638 1349; x_wconf 87' lang='lat'>1.</span> <span class='ocrx_word' id='word_1_49' title='bbox 665 1283 719 1348; x_wconf 89' lang='lat' dir='ltr'>Do</span> <span class='ocrx_word' id='word_1_50' title='bbox 743 1285 915 1350; x_wconf 83' lang='lat' dir='ltr'>exordio.</span> 
     </span>
    </p>

    <p class='ocr_par' dir='ltr' id='par_1_6' title="bbox 227 1391 1304 1912">
     <span class='ocr_line' id='line_1_10' title="bbox 333 1391 1289 1474; baseline 0.003 -21"><span class='ocrx_word' id='word_1_51' title='bbox 333 1391 515 1456; x_wconf 79' lang='lat' dir='ltr'>Exordium</span> <span class='ocrx_word' id='word_1_52' title='bbox 545 1413 562 1456; x_wconf 88' lang='lat' dir='ltr'>a</span> <span class='ocrx_word' id='word_1_53' title='bbox 593 1392 744 1458; x_wconf 81' lang='lat' dir='ltr'>Cicerone</span> <span class='ocrx_word' id='word_1_54' title='bbox 773 1394 812 1458; x_wconf 87' lang='lat' dir='ltr'>do</span> <span class='ocrx_word' id='word_1_55' title='bbox 842 1395 909 1458; x_wconf 81' lang='lat' dir='ltr'>inv,</span> <span class='ocrx_word' id='word_1_56' title='bbox 939 1392 964 1474; x_wconf 90' lang='grc' dir='ltr'>Ι,</span> <span class='ocrx_word' id='word_1_57' title='bbox 989 1393 1038 1471; x_wconf 83' lang='lat'>15,</span> <span class='ocrx_word' id='word_1_58' title='bbox 1053 1394 1094 1456; x_wconf 84' lang='lat'>20</span> <span class='ocrx_word' id='word_1_59' title='bbox 1125 1393 1185 1456; x_wconf 91' lang='lat' dir='ltr'>hac</span> <span class='ocrx_word' id='word_1_60' title='bbox 1214 1393 1289 1456; x_wconf 90' lang='lat' dir='ltr'>defi·</span> 
     </span>
     <span class='ocr_line' id='line_1_11' title="bbox 227 1501 1291 1586; baseline 0 -21"><span class='ocrx_word' id='word_1_61' title='bbox 227 1502 350 1566; x_wconf 87' lang='lat' dir='ltr'>nitionc</span> <span class='ocrx_word' id='word_1_62' title='bbox 386 1503 665 1586; x_wconf 90' lang='lat' dir='ltr'>circumscriptum</span> <span class='ocrx_word' id='word_1_63' title='bbox 700 1522 771 1566; x_wconf 87' lang='lat' dir='ltr'>esse</span> <span class='ocrx_word' id='word_1_64' title='bbox 809 1502 973 1566; x_wconf 85' lang='lat' dir='ltr'>videmus:</span> <span class='ocrx_word' id='word_1_65' title='bbox 1008 1501 1208 1583; x_wconf 80' lang='lat' dir='ltr'>„Exordium</span> <span class='ocrx_word' id='word_1_66' title='bbox 1245 1507 1291 1567; x_wconf 87' lang='lat' dir='ltr'>est</span> 
     </span>
     <span class='ocr_line' id='line_1_12' title="bbox 227 1611 1291 1695; baseline 0.002 -21"><span class='ocrx_word' id='word_1_67' title='bbox 227 1613 328 1675; x_wconf 86' lang='lat' dir='ltr'>oratio</span> <span class='ocrx_word' id='word_1_68' title='bbox 353 1613 497 1674; x_wconf 90' lang='lat' dir='ltr'>animum</span> <span class='ocrx_word' id='word_1_69' title='bbox 527 1613 682 1676; x_wconf 87' lang='lat' dir='ltr'>auditoris</span> <span class='ocrx_word' id='word_1_70' title='bbox 705 1613 821 1677; x_wconf 88' lang='lat' dir='ltr'>idoneo</span> <span class='ocrx_word' id='word_1_71' title='bbox 845 1631 1035 1695; x_wconf 88' lang='lat' dir='ltr'>comparans</span> <span class='ocrx_word' id='word_1_72' title='bbox 1060 1611 1099 1674; x_wconf 89' lang='lat' dir='ltr'>ad</span> <span class='ocrx_word' id='word_1_73' title='bbox 1132 1612 1291 1695; x_wconf 89' lang='lat' dir='ltr'>reliquam</span> 
     </span>
     <span class='ocr_line' id='line_1_13' title="bbox 229 1721 1304 1805; baseline 0 -21"><span class='ocrx_word' id='word_1_74' title='bbox 229 1721 436 1799; x_wconf 85' lang='lat' dir='ltr'>dictionem;“</span> <span class='ocrx_word' id='word_1_75' title='bbox 477 1722 563 1804; x_wconf 91' lang='lat' dir='ltr'>quod</span> <span class='ocrx_word' id='word_1_76' title='bbox 604 1721 642 1785; x_wconf 90' lang='lat' dir='ltr'>ab</span> <span class='ocrx_word' id='word_1_77' title='bbox 684 1727 808 1785; x_wconf 83' lang='lat' dir='ltr'>oratore</span> <span class='ocrx_word' id='word_1_78' title='bbox 846 1721 1038 1805; x_wconf 85' lang='lat' dir='ltr'>perficietur,</span> <span class='ocrx_word' id='word_1_79' title='bbox 1072 1723 1099 1784; x_wconf 88' lang='lat' dir='ltr'>si</span> <span class='ocrx_word' id='word_1_80' title='bbox 1134 1741 1198 1802; x_wconf 85' lang='lat' dir='ltr'>eos,</span> <span class='ocrx_word' id='word_1_81' title='bbox 1237 1724 1304 1805; x_wconf 81' lang='lat' dir='ltr'>qui</span> 
     </span>
     <span class='ocr_line' id='line_1_14' title="bbox 229 1828 1125 1912; baseline -0.002 -18"><span class='ocrx_word' id='word_1_82' title='bbox 229 1830 376 1910; x_wconf 88' lang='lat' dir='ltr'>audiunt,</span> <span class='ocrx_word' id='word_1_83' title='bbox 398 1828 581 1912; x_wconf 85' lang='lat' dir='ltr'>benevolos,</span> <span class='ocrx_word' id='word_1_84' title='bbox 604 1836 750 1912; x_wconf 68' lang='lat' dir='ltr'>attentos²</span> <span class='ocrx_word' id='word_1_85' title='bbox 774 1831 891 1895; x_wconf 89' lang='lat' dir='ltr'>dociles</span> <span class='ocrx_word' id='word_1_86' title='bbox 915 1830 1072 1895; x_wconf 87' lang='lat' dir='ltr'>conficiet.</span> <span class='ocrx_word' id='word_1_87' title='bbox 1123 1858 1125 1862; x_wconf 51' lang='lat'>&gt;</span> 
     </span>
    </p>

    <p class='ocr_par' dir='ltr' id='par_1_7' title="bbox 226 1937 1313 3118">
     <span class='ocr_line' id='line_1_15' title="bbox 334 1937 1313 2025; baseline 0.004 -25"><span class='ocrx_word' id='word_1_88' title='bbox 334 1937 424 2000; x_wconf 89' lang='lat' dir='ltr'>Haec</span> <span class='ocrx_word' id='word_1_89' title='bbox 448 1940 508 2002; x_wconf 92' lang='lat' dir='ltr'>tria</span> <span class='ocrx_word' id='word_1_90' title='bbox 530 1941 564 2002; x_wconf 91' lang='lat' dir='ltr'>in</span> <span class='ocrx_word' id='word_1_91' title='bbox 581 1939 731 2003; x_wconf 88' lang='lat' dir='ltr'>omnibus</span> <span class='ocrx_word' id='word_1_92' title='bbox 752 1942 878 2024; x_wconf 88' lang='lat' dir='ltr'>scriptis</span> <span class='ocrx_word' id='word_1_93' title='bbox 894 1940 1061 2003; x_wconf 84' lang='lat' dir='ltr'>rhetoricis</span> <span class='ocrx_word' id='word_1_94' title='bbox 1080 1941 1313 2025; x_wconf 75' lang='lat' dir='ltr'>postulantur,</span> 
     </span>
     <span class='ocr_line' id='line_1_16' title="bbox 229 2047 1312 2135; baseline 0.002 -23"><span class='ocrx_word' id='word_1_95' title='bbox 229 2048 294 2129; x_wconf 87' lang='lat' dir='ltr'>sed,</span> <span class='ocrx_word' id='word_1_96' title='bbox 318 2049 403 2111; x_wconf 88' lang='lat' dir='ltr'>siout</span> <span class='ocrx_word' id='word_1_97' title='bbox 418 2048 453 2109; x_wconf 92' lang='lat' dir='ltr'>in</span> <span class='ocrx_word' id='word_1_98' title='bbox 470 2047 541 2110; x_wconf 88' lang='lat' dir='ltr'>aliis</span> <span class='ocrx_word' id='word_1_99' title='bbox 558 2067 687 2131; x_wconf 87' lang='lat' dir='ltr'>quoquo</span> <span class='ocrx_word' id='word_1_100' title='bbox 703 2052 877 2133; x_wconf 87' lang='lat' dir='ltr'>praeceptis</span> <span class='ocrx_word' id='word_1_101' title='bbox 892 2049 962 2114; x_wconf 91' lang='lat' dir='ltr'>fieri</span> <span class='ocrx_word' id='word_1_102' title='bbox 978 2049 1068 2131; x_wconf 81' lang='lat' dir='ltr'>solet,</span> <span class='ocrx_word' id='word_1_103' title='bbox 1084 2070 1147 2112; x_wconf 95' lang='lat' dir='ltr'>non</span> <span class='ocrx_word' id='word_1_104' title='bbox 1165 2069 1312 2135; x_wconf 78' lang='lat' dir='ltr'>semper·</span> 
     </span>
     <span class='ocr_line' id='line_1_17' title="bbox 229 2145 1305 2242; baseline 0 -19"><span class='ocrx_word' id='word_1_105' title='bbox 229 2158 339 2223; x_wconf 86' lang='lat' dir='ltr'>eadem</span> <span class='ocrx_word' id='word_1_106' title='bbox 367 2157 492 2220; x_wconf 85' lang='lat' dir='ltr'>rationo</span> <span class='ocrx_word' id='word_1_107' title='bbox 521 2160 758 2240; x_wconf 85' lang='lat' dir='ltr'>exprimuntur.</span> <span class='ocrx_word' id='word_1_108' title='bbox 804 2145 923 2223; x_wconf 82' lang='lat' dir='ltr'>Iisdem</span> <span class='ocrx_word' id='word_1_109' title='bbox 956 2159 1071 2242; x_wconf 82' lang='lat' dir='ltr'>verbis,</span> <span class='ocrx_word' id='word_1_110' title='bbox 1105 2157 1224 2242; x_wconf 86' lang='lat' dir='ltr'>quibus</span> <span class='ocrx_word' id='word_1_111' title='bbox 1255 2160 1305 2223; x_wconf 77' lang='lat' dir='ltr'>de</span> 
     </span>
     <span class='ocr_line' id='line_1_18' title="bbox 228 2264 1302 2352; baseline -0.002 -21"><span class='ocrx_word' id='word_1_112' title='bbox 228 2270 291 2331; x_wconf 80' lang='lat' dir='ltr'>inv,</span> <span class='ocrx_word' id='word_1_113' title='bbox 322 2266 348 2348; x_wconf 98' lang='grc' dir='ltr'>Ι,</span> <span class='ocrx_word' id='word_1_114' title='bbox 382 2267 431 2348; x_wconf 83' lang='lat'>15,</span> <span class='ocrx_word' id='word_1_115' title='bbox 445 2267 496 2348; x_wconf 82' lang='lat'>20,</span> <span class='ocrx_word' id='word_1_116' title='bbox 525 2264 633 2330; x_wconf 82' lang='lat' dir='ltr'>Cicero</span> <span class='ocrx_word' id='word_1_117' title='bbox 668 2289 705 2332; x_wconf 88' lang='lat' dir='ltr'>ea</span> <span class='ocrx_word' id='word_1_118' title='bbox 739 2270 942 2352; x_wconf 84' lang='lat' dir='ltr'>praescripsit</span> <span class='ocrx_word' id='word_1_119' title='bbox 975 2268 1013 2331; x_wconf 89' lang='lat' dir='ltr'>de</span> <span class='ocrx_word' id='word_1_120' title='bbox 1042 2288 1085 2333; x_wconf 94' lang='lat' dir='ltr'>or.</span> <span class='ocrx_word' id='word_1_121' title='bbox 1117 2267 1142 2350; x_wconf 88' lang='grc' dir='ltr'>Ι,</span> <span class='ocrx_word' id='word_1_122' title='bbox 1173 2268 1226 2349; x_wconf 87' lang='grc'>18,</span> <span class='ocrx_word' id='word_1_123' title='bbox 1242 2269 1302 2346; x_wconf 85' lang='grc'>26;</span> 
     </span>
     <span class='ocr_line' id='line_1_19' title="bbox 226 2375 1295 2458; baseline -0.002 -18"><span class='ocrx_word' id='word_1_124' title='bbox 226 2378 269 2458; x_wconf 85' lang='lat' dir='ltr'>li,</span> <span class='ocrx_word' id='word_1_125' title='bbox 296 2378 345 2458; x_wconf 89' lang='grc'>19,</span> <span class='ocrx_word' id='word_1_126' title='bbox 358 2376 416 2454; x_wconf 85' lang='grc'>80;</span> <span class='ocrx_word' id='word_1_127' title='bbox 440 2380 502 2458; x_wconf 91' lang='lat' dir='ltr'>top.</span> <span class='ocrx_word' id='word_1_128' title='bbox 530 2375 582 2453; x_wconf 87' lang='grc'>26,</span> <span class='ocrx_word' id='word_1_129' title='bbox 599 2377 655 2454; x_wconf 80' lang='grc'>97;</span> <span class='ocrx_word' id='word_1_130' title='bbox 681 2376 751 2440; x_wconf 84' lang='lat' dir='ltr'>aiiis</span> <span class='ocrx_word' id='word_1_131' title='bbox 775 2383 881 2441; x_wconf 89' lang='lat' dir='ltr'>autem</span> <span class='ocrx_word' id='word_1_132' title='bbox 909 2397 985 2440; x_wconf 87' lang='lat' dir='ltr'>usus</span> <span class='ocrx_word' id='word_1_133' title='bbox 1009 2383 1058 2441; x_wconf 89' lang='lat' dir='ltr'>est</span> <span class='ocrx_word' id='word_1_134' title='bbox 1081 2396 1125 2440; x_wconf 90' lang='lat' dir='ltr'>or.</span> <span class='ocrx_word' id='word_1_135' title='bbox 1152 2378 1204 2458; x_wconf 81' lang='lat'>35,</span> <span class='ocrx_word' id='word_1_136' title='bbox 1221 2376 1295 2457; x_wconf 79' lang='lat'>122,</span> 
     </span>
     <span class='ocr_line' id='line_1_20' title="bbox 228 2484 1293 2568; baseline -0.001 -18"><span class='ocrx_word' id='word_1_137' title='bbox 228 2487 284 2550; x_wconf 90' lang='lat' dir='ltr'>ubi</span> <span class='ocrx_word' id='word_1_138' title='bbox 309 2486 406 2548; x_wconf 88' lang='lat' dir='ltr'>dixit:</span> <span class='ocrx_word' id='word_1_139' title='bbox 432 2484 539 2561; x_wconf 75' lang='lat' dir='ltr'>„Quid</span> <span class='ocrx_word' id='word_1_140' title='bbox 564 2487 649 2548; x_wconf 90' lang='lat' dir='ltr'>enim</span> <span class='ocrx_word' id='word_1_141' title='bbox 673 2486 737 2547; x_wconf 86' lang='lat' dir='ltr'>iam</span> <span class='ocrx_word' id='word_1_142' title='bbox 761 2487 915 2567; x_wconf 88' lang='lat' dir='ltr'>sequitur,</span> <span class='ocrx_word' id='word_1_143' title='bbox 939 2487 1025 2568; x_wconf 87' lang='lat' dir='ltr'>quod</span> <span class='ocrx_word' id='word_1_144' title='bbox 1050 2486 1181 2568; x_wconf 87' lang='lat' dir='ltr'>quidem</span> <span class='ocrx_word' id='word_1_145' title='bbox 1215 2489 1293 2550; x_wconf 88' lang='lat' dir='ltr'>artis</span> 
     </span>
     <span class='ocr_line' id='line_1_21' title="bbox 228 2594 1292 2677; baseline -0.001 -18"><span class='ocrx_word' id='word_1_146' title='bbox 228 2599 278 2677; x_wconf 87' lang='lat' dir='ltr'>sit,</span> <span class='ocrx_word' id='word_1_147' title='bbox 329 2595 392 2657; x_wconf 90' lang='lat' dir='ltr'>nisi</span> <span class='ocrx_word' id='word_1_148' title='bbox 436 2594 534 2656; x_wconf 89' lang='lat' dir='ltr'>ordiri</span> <span class='ocrx_word' id='word_1_149' title='bbox 583 2594 769 2673; x_wconf 86' lang='lat' dir='ltr'>orationem,</span> <span class='ocrx_word' id='word_1_150' title='bbox 815 2596 849 2656; x_wconf 92' lang='lat' dir='ltr'>in</span> <span class='ocrx_word' id='word_1_151' title='bbox 897 2613 961 2677; x_wconf 92' lang='lat' dir='ltr'>quo</span> <span class='ocrx_word' id='word_1_152' title='bbox 1006 2601 1063 2658; x_wconf 89' lang='lat' dir='ltr'>aut</span> <span class='ocrx_word' id='word_1_153' title='bbox 1105 2595 1292 2659; x_wconf 83' lang='lat' dir='ltr'>concilietur</span> 
     </span>
     <span class='ocr_line' id='line_1_22' title="bbox 229 2704 1288 2786; baseline -0.001 -17"><span class='ocrx_word' id='word_1_154' title='bbox 229 2705 356 2770; x_wconf 84' lang='lat' dir='ltr'>auditor</span> <span class='ocrx_word' id='word_1_155' title='bbox 379 2707 436 2766; x_wconf 88' lang='lat' dir='ltr'>aut</span> <span class='ocrx_word' id='word_1_156' title='bbox 459 2705 602 2786; x_wconf 84' lang='lat' dir='ltr'>erigatur</span> <span class='ocrx_word' id='word_1_157' title='bbox 625 2709 680 2766; x_wconf 90' lang='lat' dir='ltr'>aut</span> <span class='ocrx_word' id='word_1_158' title='bbox 703 2708 792 2786; x_wconf 86' lang='lat' dir='ltr'>paret</span> <span class='ocrx_word' id='word_1_159' title='bbox 816 2723 850 2767; x_wconf 91' lang='lat' dir='ltr'>se</span> <span class='ocrx_word' id='word_1_160' title='bbox 874 2705 913 2766; x_wconf 88' lang='lat' dir='ltr'>ad</span> <span class='ocrx_word' id='word_1_161' title='bbox 938 2704 1127 2768; x_wconf 88' lang='lat' dir='ltr'>discendum</span> <span class='ocrx_word' id='word_1_162' title='bbox 1137 2704 1163 2779; x_wconf 83' lang='grc'>;“</span> <span class='ocrx_word' id='word_1_163' title='bbox 1193 2708 1224 2767; x_wconf 88' lang='lat' dir='ltr'>et</span> <span class='ocrx_word' id='word_1_164' title='bbox 1253 2705 1288 2768; x_wconf 88' lang='lat' dir='ltr'>da</span> 
     </span>
     <span class='ocr_line' id='line_1_23' title="bbox 229 2812 1291 2899; baseline 0 -20"><span class='ocrx_word' id='word_1_165' title='bbox 229 2822 308 2899; x_wconf 86' lang='lat' dir='ltr'>part.</span> <span class='ocrx_word' id='word_1_166' title='bbox 343 2834 387 2878; x_wconf 93' lang='lat' dir='ltr'>or.</span> <span class='ocrx_word' id='word_1_167' title='bbox 417 2815 446 2895; x_wconf 87' lang='lat'>8,</span> <span class='ocrx_word' id='word_1_168' title='bbox 460 2815 510 2891; x_wconf 86' lang='grc'>28,</span> <span class='ocrx_word' id='word_1_169' title='bbox 544 2815 630 2877; x_wconf 89' lang='lat' dir='ltr'>unde</span> <span class='ocrx_word' id='word_1_170' title='bbox 663 2814 742 2876; x_wconf 89' lang='lat' dir='ltr'>haec</span> <span class='ocrx_word' id='word_1_171' title='bbox 777 2812 965 2877; x_wconf 83' lang='lat' dir='ltr'>afferantur:</span> <span class='ocrx_word' id='word_1_172' title='bbox 1001 2813 1202 2895; x_wconf 85' lang='lat' dir='ltr'>„Sumuntur</span> <span class='ocrx_word' id='word_1_173' title='bbox 1238 2813 1291 2898; x_wconf 87' lang='lat' dir='ltr'>[sc.</span> 
     </span>
     <span class='ocr_line' id='line_1_24' title="bbox 228 2920 1294 3010; baseline -0.002 -22"><span class='ocrx_word' id='word_1_174' title='bbox 228 2920 397 3010; x_wconf 84' lang='lat' dir='ltr'>principia]</span> <span class='ocrx_word' id='word_1_175' title='bbox 424 2928 530 2987; x_wconf 89' lang='lat' dir='ltr'>autem</span> <span class='ocrx_word' id='word_1_176' title='bbox 556 2925 654 2986; x_wconf 85' lang='lat' dir='ltr'>trium</span> <span class='ocrx_word' id='word_1_177' title='bbox 677 2942 785 2985; x_wconf 90' lang='lat' dir='ltr'>rerum</span> <span class='ocrx_word' id='word_1_178' title='bbox 816 2923 931 3005; x_wconf 84' lang='lat' dir='ltr'>gratia:</span> <span class='ocrx_word' id='word_1_179' title='bbox 964 2928 1000 2985; x_wconf 93' lang='lat' dir='ltr'>ut</span> <span class='ocrx_word' id='word_1_180' title='bbox 1033 2924 1142 3004; x_wconf 88' lang='lat' dir='ltr'>amice,</span> <span class='ocrx_word' id='word_1_181' title='bbox 1177 2928 1215 2986; x_wconf 87' lang='lat' dir='ltr'>ut</span> <span class='ocrx_word' id='word_1_182' title='bbox 1247 2925 1294 2986; x_wconf 72' lang='lat' dir='ltr'>inn</span> 
     </span>
     <span class='ocr_line' id='line_1_25' title="bbox 227 3031 847 3118; baseline -0.013 -18"><span class='ocrx_word' id='word_1_183' title='bbox 227 3037 422 3118; x_wconf 80' lang='lat' dir='ltr'>tellegenter‚</span> <span class='ocrx_word' id='word_1_184' title='bbox 449 3038 483 3095; x_wconf 90' lang='lat' dir='ltr'>ut</span> <span class='ocrx_word' id='word_1_185' title='bbox 506 3038 624 3095; x_wconf 85' lang='lat' dir='ltr'>attente</span> <span class='ocrx_word' id='word_1_186' title='bbox 647 3031 847 3094; x_wconf 79' lang='lat' dir='ltr'>audiamur.“</span> 
     </span>
    </p>

    <p class='ocr_par' dir='ltr' id='par_1_8' title="bbox 162 3138 1298 3974">
     <span class='ocr_line' id='line_1_26' title="bbox 337 3138 1295 3224; baseline 0 -19"><span class='ocrx_word' id='word_1_187' title='bbox 337 3142 423 3218; x_wconf 76' lang='lat' dir='ltr'>Quas</span> <span class='ocrx_word' id='word_1_188' title='bbox 447 3160 497 3204; x_wconf 89' lang='lat' dir='ltr'>res</span> <span class='ocrx_word' id='word_1_189' title='bbox 530 3145 635 3204; x_wconf 87' lang='lat' dir='ltr'>orator</span> <span class='ocrx_word' id='word_1_190' title='bbox 658 3143 691 3202; x_wconf 93' lang='lat' dir='ltr'>in</span> <span class='ocrx_word' id='word_1_191' title='bbox 716 3141 786 3204; x_wconf 88' lang='lat' dir='ltr'>aliis</span> <span class='ocrx_word' id='word_1_192' title='bbox 810 3160 981 3204; x_wconf 87' lang='lat' dir='ltr'>causarum</span> <span class='ocrx_word' id='word_1_193' title='bbox 1006 3138 1207 3224; x_wconf 83' lang='lat' dir='ltr'>generibus¹)</span> <span class='ocrx_word' id='word_1_194' title='bbox 1232 3141 1295 3206; x_wconf 85' lang='lat' dir='ltr'>alia</span> 
     </span>
     <span class='ocr_line' id='line_1_27' title="bbox 229 3250 1296 3332; baseline -0.003 -14"><span class='ocrx_word' id='word_1_195' title='bbox 229 3257 352 3318; x_wconf 88' lang='lat' dir='ltr'>ratione</span> <span class='ocrx_word' id='word_1_196' title='bbox 376 3251 531 3332; x_wconf 82' lang='lat' dir='ltr'>consequi</span> <span class='ocrx_word' id='word_1_197' title='bbox 554 3250 663 3313; x_wconf 86' lang='lat' dir='ltr'>studet</span> <span class='ocrx_word' id='word_1_198' title='bbox 690 3268 796 3332; x_wconf 87' lang='lat' dir='ltr'>nequo</span> <span class='ocrx_word' id='word_1_199' title='bbox 820 3250 929 3312; x_wconf 89' lang='lat' dir='ltr'>eodem</span> <span class='ocrx_word' id='word_1_200' title='bbox 955 3250 1087 3313; x_wconf 75' lang='lat' dir='ltr'>exordio</span> <span class='ocrx_word' id='word_1_201' title='bbox 1111 3252 1223 3332; x_wconf 84' lang='lat' dir='ltr'>utitur,</span> <span class='ocrx_word' id='word_1_202' title='bbox 1261 3257 1296 3315; x_wconf 90' lang='lat' dir='ltr'>ut</span> 
     </span>
     <span class='ocr_line' id='line_1_28' title="bbox 162 3359 1296 3445; baseline -0.004 -18"><span class='ocrx_word' id='word_1_203' title='bbox 162 3401 165 3406; x_wconf 96' lang='lat'>-</span> <span class='ocrx_word' id='word_1_204' title='bbox 231 3363 418 3445; x_wconf 80' lang='lat' dir='ltr'>exemplum</span> <span class='ocrx_word' id='word_1_205' title='bbox 450 3359 657 3442; x_wconf 84' lang='lat' dir='ltr'>proferamus,</span> <span class='ocrx_word' id='word_1_206' title='bbox 695 3360 722 3422; x_wconf 92' lang='lat' dir='ltr'>si</span> <span class='ocrx_word' id='word_1_207' title='bbox 756 3378 860 3442; x_wconf 83' lang='lat' dir='ltr'>genus</span> <span class='ocrx_word' id='word_1_208' title='bbox 896 3377 1011 3422; x_wconf 88' lang='lat' dir='ltr'>causac</span> <span class='ocrx_word' id='word_1_209' title='bbox 1039 3360 1210 3422; x_wconf 87' lang='lat' dir='ltr'>honestum</span> <span class='ocrx_word' id='word_1_210' title='bbox 1239 3366 1296 3442; x_wconf 89' lang='lat' dir='ltr'>est,</span> 
     </span>
     <span class='ocr_line' id='line_1_29' title="bbox 232 3465 1297 3557; baseline -0.005 -20"><span class='ocrx_word' id='word_1_211' title='bbox 232 3473 320 3557; x_wconf 85' lang='lat' dir='ltr'>quod</span> <span class='ocrx_word' id='word_1_212' title='bbox 345 3468 484 3549; x_wconf 80' lang='lat' dir='ltr'>adhibet,</span> <span class='ocrx_word' id='word_1_213' title='bbox 507 3465 536 3531; x_wconf 86' lang='lat' dir='ltr'>si</span> <span class='ocrx_word' id='word_1_214' title='bbox 559 3472 607 3532; x_wconf 88' lang='lat' dir='ltr'>est</span> <span class='ocrx_word' id='word_1_215' title='bbox 629 3487 732 3551; x_wconf 84' lang='lat' dir='ltr'>genus</span> <span class='ocrx_word' id='word_1_216' title='bbox 757 3468 953 3532; x_wconf 88' lang='lat' dir='ltr'>admirabile.</span> <span class='ocrx_word' id='word_1_217' title='bbox 1001 3468 1105 3544; x_wconf 77' lang='lat' dir='ltr'>Quare</span> <span class='ocrx_word' id='word_1_218' title='bbox 1123 3467 1233 3533; x_wconf 79' lang='lat' dir='ltr'>Cicero</span> <span class='ocrx_word' id='word_1_219' title='bbox 1258 3469 1297 3532; x_wconf 92' lang='lat' dir='ltr'>de</span> 
     </span>
     <span class='ocr_line' id='line_1_30' title="bbox 229 3578 1297 3663; baseline -0.004 -18"><span class='ocrx_word' id='word_1_220' title='bbox 229 3585 293 3646; x_wconf 88' lang='lat' dir='ltr'>inv.</span> <span class='ocrx_word' id='word_1_221' title='bbox 318 3582 343 3663; x_wconf 89' lang='grc' dir='ltr'>Ι,</span> <span class='ocrx_word' id='word_1_222' title='bbox 369 3581 419 3660; x_wconf 79' lang='grc'>15,</span> <span class='ocrx_word' id='word_1_223' title='bbox 434 3579 474 3641; x_wconf 82' lang='lat'>20</span> <span class='ocrx_word' id='word_1_224' title='bbox 500 3578 669 3641; x_wconf 80' lang='lat' dir='ltr'>exordium</span> <span class='ocrx_word' id='word_1_225' title='bbox 697 3579 732 3640; x_wconf 89' lang='lat' dir='ltr'>in</span> <span class='ocrx_word' id='word_1_226' title='bbox 756 3578 838 3642; x_wconf 88' lang='lat' dir='ltr'>duas</span> <span class='ocrx_word' id='word_1_227' title='bbox 861 3584 966 3660; x_wconf 87' lang='lat' dir='ltr'>partes</span> <span class='ocrx_word' id='word_1_228' title='bbox 991 3578 1116 3642; x_wconf 89' lang='lat' dir='ltr'>divisit:</span> <span class='ocrx_word' id='word_1_229' title='bbox 1150 3579 1183 3639; x_wconf 92' lang='lat' dir='ltr'>in</span> <span class='ocrx_word' id='word_1_230' title='bbox 1209 3579 1297 3660; x_wconf 90' lang='lat' dir='ltr'>prin-</span> 
     </span>
     <span class='ocr_line' id='line_1_31' title="bbox 229 3687 1297 3772; baseline -0.001 -20"><span class='ocrx_word' id='word_1_231' title='bbox 229 3690 349 3772; x_wconf 88' lang='lat' dir='ltr'>cipium</span> <span class='ocrx_word' id='word_1_232' title='bbox 384 3693 415 3753; x_wconf 87' lang='lat' dir='ltr'>et</span> <span class='ocrx_word' id='word_1_233' title='bbox 448 3689 480 3750; x_wconf 95' lang='lat' dir='ltr'>in</span> <span class='ocrx_word' id='word_1_234' title='bbox 509 3687 772 3751; x_wconf 86' lang='lat' dir='ltr'>insinuationem.</span> <span class='ocrx_word' id='word_1_235' title='bbox 819 3688 1065 3772; x_wconf 78' lang='lat' dir='ltr'>„Principium,“</span> <span class='ocrx_word' id='word_1_236' title='bbox 1100 3687 1207 3770; x_wconf 93' lang='lat' dir='ltr'>inquit</span> <span class='ocrx_word' id='word_1_237' title='bbox 1240 3688 1297 3751; x_wconf 90' lang='lat' dir='ltr'>iilo</span> 
     </span>
     <span class='ocr_line' id='line_1_32' title="bbox 230 3786 1298 3881; baseline 0.003 -22"><span class='ocrx_word' id='word_1_238' title='bbox 230 3798 309 3878; x_wconf 88' lang='lat' dir='ltr'>loco,</span> <span class='ocrx_word' id='word_1_239' title='bbox 345 3805 411 3879; x_wconf 85' lang='lat' dir='ltr'>„est</span> <span class='ocrx_word' id='word_1_240' title='bbox 446 3799 547 3861; x_wconf 86' lang='lat' dir='ltr'>oratio</span> <span class='ocrx_word' id='word_1_241' title='bbox 583 3799 751 3881; x_wconf 86' lang='lat' dir='ltr'>perspicue</span> <span class='ocrx_word' id='word_1_242' title='bbox 787 3800 819 3859; x_wconf 89' lang='lat' dir='ltr'>et</span> <span class='ocrx_word' id='word_1_243' title='bbox 842 3786 987 3878; x_wconf 86' lang='lat' dir='ltr'>protinus</span> <span class='ocrx_word' id='word_1_244' title='bbox 1011 3797 1180 3881; x_wconf 86' lang='lat' dir='ltr'>perficiens</span> <span class='ocrx_word' id='word_1_245' title='bbox 1205 3799 1298 3862; x_wconf 90' lang='lat' dir='ltr'>audi-</span> 
     </span>
     <span class='ocr_line' id='line_1_33' title="bbox 228 3906 1298 3974; baseline 0 -1"><span class='ocrx_word' id='word_1_246' title='bbox 228 3918 332 3974; x_wconf 88' lang='lat' dir='ltr'>torem</span> <span class='ocrx_word' id='word_1_247' title='bbox 357 3906 549 3970; x_wconf 91' lang='lat' dir='ltr'>benevolum</span> <span class='ocrx_word' id='word_1_248' title='bbox 582 3914 638 3970; x_wconf 90' lang='lat' dir='ltr'>aut</span> <span class='ocrx_word' id='word_1_249' title='bbox 662 3907 797 3969; x_wconf 89' lang='lat' dir='ltr'>docilem</span> <span class='ocrx_word' id='word_1_250' title='bbox 822 3912 878 3970; x_wconf 86' lang='lat' dir='ltr'>aut</span> <span class='ocrx_word' id='word_1_251' title='bbox 901 3911 1067 3970; x_wconf 83' lang='lat' dir='ltr'>attentum.</span> <span class='ocrx_word' id='word_1_252' title='bbox 1113 3908 1298 3973; x_wconf 88' lang='lat' dir='ltr'>Insinuatio</span> 
     </span>
    </p>
   </div>
   <div class='ocr_carea' id='block_1_5' title="bbox 336 4032 549 4131">
    <p class='ocr_par' dir='ltr' id='par_1_9' title="bbox 336 4032 549 4131">
     <span class='ocr_line' id='line_1_34' title="bbox 336 4032 549 4131; baseline -0.005 -12"><span class='ocrx_word' id='word_1_253' title='bbox 336 4065 363 4129; x_wconf 86' lang='lat' dir='ltr'>r)</span> <span class='ocrx_word' id='word_1_254' title='bbox 382 4032 454 4116; x_wconf 48' lang='lat' dir='ltr'>vide*</span> <span class='ocrx_word' id='word_1_255' title='bbox 463 4080 488 4131; x_wconf 86' lang='lat' dir='ltr'>p.</span> <span class='ocrx_word' id='word_1_256' title='bbox 507 4069 549 4120; x_wconf 78' lang='lat'>41.</span> 
     </span>
    </p>
   </div>
   <div class='ocr_carea' id='block_1_6' title="bbox 0 0 1353 4560">
    <p class='ocr_par' dir='ltr' id='par_1_10' title="bbox 0 0 1353 4560">
     <span class='ocr_line' id='line_1_35' title="bbox 0 0 1353 4560; baseline 0 0"><span class='ocrx_word' id='word_1_257' title='bbox 0 0 1353 4560; x_wconf 95' lang='lat' dir='ltr'> </span> 
     </span>
    </p>
   </div>
  </div>
 </body>
</html>
