2618 4560
558 227 736 289 -20-

119 407 209 471 illius
240 407 369 490 generis
399 409 589 489 argumento
621 405 809 488 simpliciter
839 404 873 466 id
901 407 1197 484 „exornationem“

120 517 313 580 nominaret.

225 622 290 689 Sed
320 621 497 702 videamus,
530 642 612 704 quas
641 621 843 685 definitiones
876 621 994 684 horum
1027 642 1195 706 generum

118 738 227 798 noster
249 732 381 797 dederit.
426 730 618 795 Invenimus
641 749 696 793 eas
720 730 759 793 de
781 730 849 794 inv.
870 729 895 811 Ι,
919 731 948 810 5,
972 729 1003 806 7,
1028 751 1098 814 quo
1119 735 1194 799 loco

118 843 196 906 haec
219 843 337 925 scripta
359 846 449 903 sunt:
487 838 800 920 „Demonstrativum
828 844 886 920 est,
919 839 1006 922 quod
1029 819 1194 908 tribuitur

118 953 152 1015 in
176 951 315 1015 alicuius
338 954 444 1013 certae
474 965 629 1031 personae
662 947 789 1010 laudem
818 953 874 1010 ant
896 950 1191 1034 vituperationem,

121 1058 376 1139 deliberativum,
392 1056 479 1140 quod
503 1059 642 1140 positum
665 1058 699 1119 in
724 1057 955 1140 disceptatione
976 1059 1069 1122 civili
1092 1061 1202 1127 habet

119 1169 153 1231 in
178 1186 212 1232 se
236 1168 413 1232 sententiae
437 1167 623 1244 dictione1u3
657 1165 820 1242 iudiciale,
853 1166 940 1248 quod
972 1169 1121 1250 positum
1154 1177 1189 1235 in

120 1277 238 1340 iudicio
266 1275 360 1340 habet
398 1278 433 1338 in
474 1294 508 1340 se
540 1275 776 1338 accusationem
810 1278 841 1338 et
874 1275 1096 1342 defensionem
1132 1287 1190 1344 aut

120 1387 303 1468 petitionem
328 1390 360 1448 et
382 1385 645 1448 recusationem.“

179 1476 183 1482 ’
227 1492 276 1559 De
299 1493 550 1576 definitionibus,
573 1511 656 1576 quae
676 1492 717 1555 ad
739 1493 859 1556 iudicia
882 1499 914 1556 et
937 1492 1189 1563 deliberationes

121 1607 291 1688 pertinent,
320 1605 401 1666 nihil
429 1602 585 1667 habemus
614 1604 698 1686 quod
722 1602 932 1685 proferamus.
979 1602 1043 1666 Sed
1068 1606 1111 1669 de
1134 1627 1189 1694 ge-

120 1732 196 1777 nere
225 1714 472 1777 demonstrativo
500 1712 674 1776 dubitatur.
721 1709 907 1774 Volkmann
941 1713 1028 1776 enim
1058 1713 1187 1781 Cicero·

120 1841 192 1885 nem
229 1820 288 1885 sibi
323 1822 385 1905 ipsi
412 1840 609 1904 repugnasse
645 1821 735 1900 dixit,
771 1839 846 1882 cum
880 1820 1045 1885 historiam
1074 1829 1188 1908 generi

122 1931 380 2011 demonstrativo,
416 1932 508 1994 cuius
543 1929 761 1993 definitionem
798 1929 892 1992 modo
926 1949 1026 2014 supra
1053 1951 1071 1996 e
1103 1934 1187 1998 libro

120 2040 177 2124 „de
200 2041 403 2104 inventioue“
427 2040 605 2120 attulimus,
629 2039 729 2102 altero
752 2038 822 2101 loco
848 2038 1055 2124 attribuisset,
1085 2044 1187 2110 altero

120 2150 159 2215 ab
196 2155 319 2215 oratore
354 2146 601 2234 separavissete)
657 2149 701 2210 At
735 2151 844 2211 nostra
876 2151 1035 2212 sententia
1074 2151 1186 2219 Cicero

119 2262 326 2325 historiarum
361 2260 566 2343 scriptionem
600 2278 762 2341 nusquam
791 2259 902 2340 generi
933 2258 1185 2327 demonstrativo

120 2370 266 2436 subiecit.
314 2369 413 2433 Cuius
447 2371 493 2433 rei
529 2365 784 2451 comprobandae
817 2386 913 2430 causa
949 2369 988 2432 de
1027 2370 1110 2435 locis
1144 2373 1186 2436 ab·

119 2480 175 2542 illo
210 2480 279 2540 viro
312 2479 494 2543 doctissimo
531 2477 655 2540 collatis
683 2475 813 2539 brevem
839 2479 1059 2559 quaestionem
1086 2481 1185 2546 habe·

119 2588 236 2654 bimus.

227 2697 336 2762 Primo
360 2696 460 2777 igitur
484 2693 554 2756 loeo
577 2695 729 2777 ponimus
754 2713 799 2757 or.
827 2695 947 2775 11,37:
973 2746 991 2778 „
1015 2745 1022 2761 .
1049 2746 1056 2763 .
1083 2745 1091 2762 .
1116 2701 1186 2764 lau·

121 2810 287 2873 dationum
312 2800 550 2890 [scriptionum]
580 2810 611 2869 et
638 2805 843 2868 historiarum
868 2808 899 2867 et
922 2806 1036 2868 talium
1060 2811 1186 2874 suasio-

120 2938 210 2997 num,
246 2919 372 3001 qualem
397 2914 555 2978 Isocrates
582 2914 657 2976 fecit
678 2915 909 2996 panegyricum
933 2916 1093 2999 multique
1118 2919 1185 2998 alii,

120 3029 176 3111 qui
194 3031 270 3091 sunt
281 3025 436 3089 nominati
451 3024 620 3106 sophistae,
635 3023 899 3107 reliquarumque
914 3045 1022 3089 rerum
1036 3026 1186 3111 formam,

225 3205 252 3270 1)
272 3200 441 3256 Volkmann:
469 3197 616 3268 „Rhetorik
634 3198 681 3252 der
701 3197 833 3253 Grieohen
852 3201 907 3253 und
924 3200 1039 3254 Romer“
1059 3201 1071 3238 2
1088 3218 1117 3270 p.
1136 3208 1184 3260 24:

119 3292 274 3360 „Vielmehr
300 3292 428 3347 verstaud
445 3289 534 3344 Rufus
563 3291 642 3343 unter
670 3288 731 3343 dem
757 3296 833 3361 γένος
850 3290 982 3363 ἱστορικόν
999 3293 1026 3346 in
1046 3293 1095 3346 der
1112 3293 1187 3352 That

118 3384 205 3440 nichts
224 3385 343 3450 anderes,
371 3383 411 3438 als
430 3382 474 3436 dio
492 3380 698 3435 rhetorisirende
717 3379 1044 3453 Gesohichtsschreibung,
1073 3386 1123 3441 uio
1142 3387 1184 3440 sio

118 3476 202 3531 durch
231 3475 274 3529 die
293 3473 388 3530 Schulo
416 3474 463 3527 dos
482 3472 615 3528 Irolrrates
642 3472 806 3528 namentlich
835 3472 879 3528 bei
896 3473 1083 3544 Theopompos
1108 3477 1184 3532 herr-

116 3567 216 3624 aohend
234 3568 375 3637 geworden
403 3581 456 3620 war
475 3565 529 3618 und
548 3563 591 3617 die
616 3563 647 3632 ja
665 3565 733 3619 auch
752 3565 870 3621 Cicero
889 3582 927 3620 or.
947 3571 1043 3634 11.37;
1063 3571 1183 3638 61,207;

118 3660 174 3731 vgl.
203 3661 235 3714 de
264 3675 302 3715 or.
327 3658 362 3725 II,
381 3663 406 3724 9,
417 3662 451 3714 36
481 3654 600 3710 offenbar
628 3656 696 3710 nach
724 3658 918 3725 griechischem
947 3658 1089 3727 Vorgange
1119 3660 1182 3731 (vgl.

118 3750 269 3809 Marcellin.
288 3768 314 3810 v.
327 3749 504 3820 Thucyd.'4l)
523 3748 574 3802 mit
592 3764 639 3801 zur
658 3748 867 3817 epideihtischcn
880 3750 1000 3819 Gattuug
1019 3751 1065 3804 der
1083 3751 1184 3806 Bered·

117 3842 232 3897 sumkeit
258 3842 375 3908 rechart,
403 3842 528 3898 withrend
556 3856 584 3893 er
611 3840 717 3895 ireilich
742 3857 779 3898 or.
803 3846 845 3908 20,
856 3847 890 3900 68
919 3843 962 3895 die
980 3841 1182 3898 Beredsamlreit

117 3935 164 3988 der
192 3933 486 3990 Geschichtssohreibor
515 3949 568 3987 von
597 3932 750 4002 derjonigen
783 3935 831 3988 der
858 3935 964 3989 Redner
991 3934 1181 3990 ausdruclrlich

115 4027 231 4082 treunt.“
