2618 4560
503 244 678 304 ..21-

58 440 143 506 quae
159 420 277 501 absunt
297 418 451 483 aforensi
475 421 679 484 contentione
708 422 844 503 eiusque
867 419 964 484 totius
987 422 1125 504 generis,

59 527 147 612 quod
168 545 281 611 graece
305 523 529 593 ἐπιδεικτικὸν
553 530 762 593 nominatur.
785 578 817 592 ..
841 549 907 592 non
931 530 1123 612 complectar

57 640 120 702 hoc
154 638 325 719 tempore.“
372 637 577 701 Vocabulum
610 639 870 721 „scriptionum“,
905 635 994 721 quod
1028 640 1123 702 uncis

56 747 223 811 inclusum
258 765 358 828 snpra
392 747 548 830 scriptum
579 752 635 830 est,
670 747 727 811 sed
755 747 817 809 fuit
844 752 880 809 in
907 747 1016 811 codice
1040 747 1123 811 Lau-

59 857 162 937 densi,
187 855 264 937 qnid
288 854 351 918 sibi
374 855 452 917 velit
474 856 617 939 intellegi
632 875 697 919 non
712 860 830 938 potest,
856 875 956 939 quare
971 854 1126 940 Sauppa¹)

59 985 158 1049 qnam
196 965 386 1046 Heerdegen
420 966 455 1027 in
491 966 662 1046 „oratoris“
698 961 866 1048 editione²)
901 970 1033 1029 secutus
1069 971 1126 1047 est,

58 1078 137 1159 quia
160 1074 317 1158 particula
340 1073 522 1156 copulativa
552 1075 618 1156 „et‘
650 1094 713 1137 non
739 1075 948 1157 antecederet,
979 1095 997 1137 a
1020 1095 1125 1157 gram·

57 1187 175 1248 matico
210 1183 351 1266 quodam
380 1183 578 1266 adscriptum
607 1202 677 1248 esse
705 1185 841 1267 putavit,
874 1188 912 1247 ut
939 1185 1124 1268 explicaret,

58 1294 172 1377 quales
196 1293 365 1356 suasiones
390 1296 497 1356 essent
520 1293 560 1356 ab
584 1292 724 1357 Isocrate
747 1293 857 1356 factae.
904 1291 946 1354 Et
962 1289 1122 1378 Mlitzell³)
1217 1362 1221 1367 p

58 1403 190 1486 quidem
208 1402 603 1485 proposuitconiecturam
624 1403 863 1485 „laudationum
881 1401 1120 1484 scriptionem“;

56 1513 115 1576 sed
138 1516 223 1575 recte
239 1511 366 1593 Sauppe
390 1530 457 1574 eam
482 1513 602 1590 reiecit,
626 1514 702 1595 quia
724 1513 786 1574 hoc
808 1509 878 1574 loco
903 1529 969 1573 non
993 1517 1058 1573 tam
1082 1511 1121 1575 de

57 1623 195 1703 scriptis
231 1640 328 1703 quam
365 1621 404 1683 de
438 1620 556 1684 habitis
592 1620 790 1685 orationibus
824 1620 997 1702 cogitatum
1027 1623 1120 1684 esset.

58 1729 151 1804 Quae
175 1749 248 1793 cum
272 1731 316 1792 ita
340 1730 413 1810 sint,
441 1748 508 1792 non
531 1731 635 1813 rideo,
663 1750 727 1813 quo
757 1729 850 1792 modo
876 1728 1121 1811 „scriptionum“

55 1836 144 1901 illud
184 1839 218 1899 in
262 1844 417 1903 contextu
456 1841 557 1922 possit
590 1841 731 1904 retineri.
780 1837 851 1913 Quo
887 1838 989 1901 deleto
1024 1837 1122 1901 verba

55 1946 299 2030 „laudationum
328 1952 359 2011 et
386 1949 592 2013 historiarum
622 1954 653 2013 et
681 1949 889 2013 suasionum“
918 1948 957 2010 ad
980 1967 1121 2031 panegy-

54 2059 163 2120 ricum
177 2054 345 2119 referenda
361 2076 431 2120 esse
454 2062 550 2139 patet,
574 2059 607 2119 in
633 2077 696 2140 quo
715 2058 883 2140 Isocrates,
906 2077 981 2122 cum
1005 2077 1057 2122 res
1081 2057 1121 2121 ab

54 2164 314 2230 Atheniensibus
358 2164 440 2230 bene
479 2171 585 2249 gestas
624 2170 805 2250 temporum
844 2167 957 2230 ordine
996 2172 1121 2230 servato

54 2279 202 2339 narraret
236 2275 441 2358 virtutesque
480 2295 591 2338 eorum
631 2277 767 2339 summis
801 2274 954 2338 laudibus
989 2275 1121 2355 efferret,

56 2384 198 2448 Graecos
214 2384 253 2447 ad
276 2383 481 2463 concordiam
505 2383 600 2448 etad
624 2383 746 2449 bellum
770 2390 881 2449 contra
897 2383 1013 2448 Persas
1037 2403 1121 2447 com-

55 2495 203 2558 muniter
240 2493 483 2575 suscipiendum
519 2495 664 2558 hortatus
692 2499 754 2578 est,
788 2514 854 2558 non
879 2499 985 2557 autern
1009 2494 1121 2558 adra

54 2605 179 2666 tionem
202 2605 371 2686 pertinent,
400 2623 465 2686 qna
494 2603 639 2668 historici
663 2585 834 2687 scriptores
862 2605 1050 2667 memoriam
1072 2623 1122 2668 re-

53 2732 130 2775 rum
149 2716 310 2794 gestarum
329 2712 481 2795 produnt.
528 2712 651 2777 llodem
672 2715 849 2777 certissime
873 2713 968 2776 modo
991 2714 1123 2778 historia

56 2841 111 2887 res
126 2827 242 2904 gestas,
257 2841 323 2885 non
340 2841 450 2885 earum
467 2823 673 2904 scriptionem
690 2822 849 2904 significat
864 2823 903 2885 de
920 2841 962 2884 or.
975 2821 1017 2902 II,
1033 2823 1060 2900 9,
1072 2822 1121 2884 36.

167 2929 278 2994 Altero
294 2932 377 3013 loco,
400 2951 498 3014 quem
514 2930 700 2994 Volkmann
716 2932 871 3008 laudavit,
895 2930 996 2993 multo
1020 2931 1123 3013 magis

57 3041 190 3123 erravit3
222 3061 300 3104 nam
327 3040 396 3104 illio
421 3040 531 3104 Cicero
559 3040 725 3104 historiam
753 3059 818 3104 non
846 3041 940 3104 modo
970 3060 1045 3104 oum
1068 3059 1123 3129 ge-

55 3169 136 3214 nere
170 3150 421 3215 demonstrativo
450 3169 516 3213 non
544 3151 723 3231 coniunxit,
756 3150 813 3214 sed
847 3139 1014 3228 disiunxit,
1047 3169 1123 3214 cum

56 3258 214 3323 scriberet
241 3279 285 3326 or.
312 3260 364 3337 61,
377 3258 457 3322 207τ
487 3257 646 3341 ,Remotis
670 3261 770 3343 igitur
792 3261 927 3343 reliquis
949 3258 1122 3342 generibus

56 3388 163 3432 unum
195 3368 369 3453 selegimus
399 3370 469 3449 hoo,
509 3369 597 3451 quod
623 3371 659 3430 in
682 3371 788 3433 causis
810 3368 944 3451 foroque
967 3374 1125 3450 versatur,

56 3478 98 3542 de
121 3498 186 3561 quo
210 3478 401 3543 diceremus.
449 3477 534 3561 Ergo
558 3481 593 3541 in
617 3480 698 3560 aliis,
725 3479 759 3541 id
787 3482 844 3558 est,
872 3479 906 3540 in
929 3479 1062 3543 historia
1085 3485 1124 3543 et

58 3588 94 3651 in
120 3606 168 3671 eo,
201 3587 288 3671 quod
317 3587 515 3670 appellamus
546 3583 779 3668 ἑπιὸεικτικὸν,
802 3588 906 3670 placet
930 3590 1036 3652 omnia
1061 3589 1124 3651 dici

168 3857 193 3926 l)
210 3854 329 3923 Sauppe:
349 3854 543 3923 „Coniecturae
562 3854 720 3908 'lollianae‘
739 3870 764 3921 p.
787 3854 827 3908 10.

166 3949 194 4015 2)
211 3947 322 4015 Lipsiae
343 3949 411 4005 1884
428 3946 457 3999 in
476 3945 586 4000 aedibus
604 3945 636 4001 Β.
655 3944 687 4001 G.
707 3944 848 4002 Teubneri.

164 4037 321 4110 elnathan
347 4039 376 4092 in
394 4037 497 4092 diurnis
515 4040 597 4093 rebus
616 4053 739 4106 gymnas.
759 4036 899 4090 destinatis
918 4040 996 4103 1850,
1015 4053 1041 4105 p.
1061 4040 1121 4094 606.
